3772 5828
205 351 264 412 732

727 339 891 402 broulsil
911 338 1290 401 naticaeunssansis

208 485 261 542 τῶν
280 483 391 560 κεραιῶν
411 466 834 556 ῆτριόδοντιςῆσαν,ῆκέστροι
850 496 985 557 μαχαιρο·
1035 480 1270 532 νοοίειιᾱοιοὶτιίΙαα
1284 479 1492 546 habebant,quee
1513 478 1622 545 desuper
1667 491 1831 548 emensgra·

210 573 301 641 ειδεῑς,
322 571 339 639 ἢ
355 565 472 645 δρέπανα
486 564 644 643 ὁλοσίδηρα·
663 564 680 636 ἢ
703 563 891 646 καταρράκτας
915 561 987 631 τινάς

211 661 428 738 ἱπιρριπτοῦντας
441 653 539 712 άνωθεν
556 654 645 734 βαρεῖς
660 652 786 733 κόρακας.
825 653 944 719 Πολλαῖς
959 649 987 710 δέ

211 751 298 806 αὐτῶν
312 746 398 827 χεῖρες
413 743 598 823 προσήρτηντο
611 741 752 822 πυρρόροι,
767 740 886 801 στυππία
901 742 987 819 πολλῇ

170 868 183 904 ε
210 841 291 920 πίττῃ
310 837 492 915 λελιπασμίνα
513 835 575 916 περὶ
597 833 677 902 αὑτάς
697 835 828 913 ίχουσαι,
851 834 988 915 προικκεί·

212 952 289 1006 μεναι
302 932 354 988 τῶν
368 925 493 1003 ἁμαξῶν,
512 914 554 990 αἶς
569 921 680 1000 ἔμελλον
696 921 835 994 ἑστηκότες
847 924 889 981 ἐπ’
902 922 988 980 αὑτῶν

211 1042 294 1091 τινες,
308 1017 351 1078 ὅτε
365 1014 479 1088 πλησίον
495 1012 612 1093 γίνοιντο
634 1015 688 1071 τῶν
703 1011 821 1092 θηρίων,
838 1009 988 1082 πλήσαντες

212 1107 292 1187 πυρός
307 1105 350 1164 iri
360 1109 407 1171 τάς
420 1101 598 1182 προύοσιιίδας
613 1101 711 1170 αὑτῶν,
725 1098 795 1159 ὥστε
810 1101 845 1157 τά
856 1097 988 1177 πρόσυιπα

211 1194 259 1263 τάς
274 1194 377 1272 πληγδις
396 1193 492 1274 φέρειν.
535 1188 735 1270 Ἐρεστήκεσαν
756 1189 783 1247 δέ
797 1196 855 1254 ταῖς
874 1185 988 1263 ἁμάξαις

161 1299 186 1339 ιο
212 1281 397 1362 τετρακύκλοις
424 1278 606 1359 ὑπαρχούσαις
633 1277 678 1336 καί
705 1281 756 1335 τῶν
789 1279 872 1357 Ιὑιλῶν
899 1273 989 1354 συχνοί

212 1372 328 1446 τοξόται,
341 1371 386 1429 καλ
398 1368 545 1448 χερμάται,
560 1368 606 1426 καί
618 1365 748 1445 τριόολων
759 1367 872 1443 σιδηρῶν
884 1363 990 1444 σρενδο·

213 1465 303 1533 νῆται,
319 1458 364 1518 καί
379 1458 442 1537 παρ’
455 1454 535 1522 αὑτάς
549 1455 666 1514 κάτωθεν
680 1454 719 1512 ἔτι
732 1453 837 1519 πλείους
852 1449 947 1532 ἕτεροι.

253 1547 333 1615 Τάξις
350 1544 399 1623 μέν
422 1544 490 1619 αὑτη
513 1547 566 1602 τῶν
588 1542 802 1622 στρατευσάντων
824 1532 856 1614 ῆν
875 1537 991 1621 άμροτί·

216 1659 279 1716 ρων·
294 1634 402 1713 ἀριθμός
415 1633 443 1693 δί
459 1640 504 1693 τοῦ
521 1635 659 1713 βασιλικοῦ
676 1632 803 1712 μυριάδες
813 1629 881 1689 ἑπτά
896 1632 990 1699 πεζῶν,

160 1742 186 1781 tt
213 1725 241 1782 ίν
254 1714 292 1791 οἶς
310 1721 442 1795 Ἕλληνες
458 1723 482 1781 οἱ
502 1721 547 1780 τόν
563 1720 655 1781 Ἰόνιον
671 1720 769 1779 κόλπον
784 1718 992 1801 διαπεράσαντες

214 1811 258 1871 ἐπί
284 1811 386 1892 μυρίοις
410 1802 478 1883 ῆσαν
504 1808 686 1888 ἑξακισχίλιοι·
711 1812 757 1866 τοῦ
787 1805 815 1866 ὑί
837 1805 992 1883 Ῥωμαϊκοῦ

213 1899 319 1968 πλείους
342 1905 395 1958 τῶν
410 1899 478 1957 ἑπτά
505 1897 656 1978 μυριάδων·
681 1893 708 1964 t}
729 1897 810 1965 αὐτῆς
831 1895 919 1971 μίντοι
945 1897 993 1966 τῆς

215 1988 326 2065 Ῥώμης
340 1993 406 2064 apat
420 2012 447 2047 τι
462 1986 608 2065 δισμύριοι.
647 1983 750 2051 Ἱππεῖς
773 1982 802 2044 δέ
817 1981 993 2063 παρεγένοντο

214 2075 360 2153 Ῥωμαίοις
372 2076 420 2152 μίν
435 2075 504 2155 ἀμφὶ
525 2074 584 2141 τοὺς
597 2073 831 2154 ὀκτακισχιλίους,
849 2071 947 2152 Πύρρῳ
965 2067 994 2128 δέ

160 2191 188 2232 20
215 2168 302 2244 μικρῷ
317 2163 431 2236 πλείους,
453 2162 499 2222 καὶ
514 2161 592 2242 θηρία
606 2163 661 2229 ίνδς
677 2162 771 2220 δέοντα
784 2162 878 2223 ιίκοσι.
895 2161 963 2222 Art.

255 2256 293 2314 ll.
316 2251 393 2313 'Rari
416 2251 444 2312 δέ
467 2250 502 2311 τδι
528 2259 628 2327 σημεῖα
656 2254 703 2323 τῆς
730 2251 820 2332 μάχης
844 2249 992 2329 ἀνεδείχθη,

214 2339 401 2405 παιανίσαντες
411 2341 434 2399 οἱ
445 2345 607 2417 στρατιῶται
619 2339 665 2399 καί
675 2338 706 2399 τό
715 2341 833 2399 ίνυάλιον
845 2336 993 2406 ἀλαλάξαν-

214 2451 272 2501 τες,
288 2426 404 2508 ίχόιρουν
420 2429 503 2506 ὑμόσε
518 2428 563 2487 καὶ
573 2428 750 2504 συμπεσόντες
763 2428 894 2508 ἐμάχοντο
904 2435 993 2485 πᾶσαν

215 2517 431 2593 ἀποδεικνύμενοι
454 2517 503 2589 τὴν
529 2517 648 2576 ίνόπλιον
675 2514 837 2592 ίπιστήμην.
884 2514 920 2578 Oi
945 2513 993 2591 μέν

160 2627 188 2665 κο
214 2607 302 2673 ἱππεῖς
328 2608 352 2664 oi
375 2604 450 2686 παρά
469 2604 606 2686 άμρότερα
636 2605 790 2683 τεταγμένοι
815 2603 848 2662 el
875 2603 993 2684 κέρατα,

213 2693 363 2776 προειδότες
377 2697 404 2752 ἐν
421 2685 458 2760 οἷς
470 2693 653 2752 ἐπλεονέκτουν
674 2693 749 2751 αὑτοὶ
766 2695 817 2750 τῶν
837 2690 992 2769 πολεμίων,

215 2786 250 2849 εἷς
262 2789 346 2841 ταῦτα
369 2781 544 2863 κατέρευγον·
561 2781 694 2857 Ῥωμαῖοι
715 2780 763 2853 μέν
779 2784 815 2847 εἰς
828 2781 876 2852 τὴν
891 2783 920 2838 ἐκ
937 2803 995 2860 χει·

216 2872 257 2950 pi<
268 2870 313 2928 καὶ
327 2870 467 2929 σταδιαίαν
479 2869 569 2949 μάχην
582 2892 589 2907 ·
603 2869 634 2927 τό
646 2868 673 2927 δὲ
688 2872 740 2927 τῶν
757 2868 895 2932 Ἑλλήνων
914 2871 993 2926 ἱππι-

215 2959 260 3018 κόν
277 2962 314 3026 είς
329 2960 377 3027 τάς
398 2957 562 3039 περιελάσεις
582 2957 627 3017 καὶ
648 2961 707 3025 τοὺς
722 2957 887 3035 ἐξελιγμούς·
907 2958 951 3017 καὶ
969 2959 994 3016 οἱ

161 3080 188 3121 ab
215 3047 263 3125 μὲν
291 3047 369 3106 όπότι
393 3046 530 3105 διώκοιντο
558 3047 609 3106 ὑπό
629 3050 681 3104 τῶν
697 3045 852 3119 Ἑλλήνων,
872 3046 992 3127 ίπιστρέ-

213 3141 310 3217 ψαντες
331 3135 390 3202 τοὺς
413 3133 510 3201 ἵππους
525 3134 570 3192 καὶ
592 3134 652 3201 τοὺς
676 3135 800 3213 χαλινοὺς
816 3135 994 3214 κατασχόντες

215 3226 406 3304 ἐπεζομάχουν,
422 3225 445 3282 oi
467 3223 494 3280 δέ
508 3222 586 3283 όπότε
597 3223 656 3289 τοὺς
671 3222 823 3300 Ῥωμαίους
837 3224 945 3299 μάθοιεν
958 3228 994 3291 εἰς

214 3315 345 3373 ἀντίπαλα
360 3311 584 3387 καθισταμένους,
601 3313 644 3369 ἐπὶ
667 3311 728 3390 δόρυ
742 3311 876 3377 κλίναντες
890 3310 936 3369 καὶ
951 3313 993 3371 διὰ

214 3402 337 3471 ἀλλήλων
357 3401 526 3478 ἐξελίξαντες,
547 3401 709 3479 περιεδίνουν
729 3404 790 3467 τοὺς
801 3400 900 3468 ἵππους
922 3391 994 3466 aior<

160 3522 187 3561 35
213 3493 257 3551 ἐπὶ
269 3494 299 3552 τὸ
309 3492 441 3568 μέτωπον,
454 3492 498 3549 καί
514 3491 547 3548 τδι
563 3491 657 3569 κέντρα
668 3491 862 3569 προσύαλόντες
878 3492 993 3571 ἐχώρουν

213 3582 304 3659 ὁμόσε.
351 3580 384 3640 ‘ii
411 3579 459 3658 μὲν
474 3571 518 3639 οὑν
539 3580 571 3650 δὴ
595 3584 647 3637 τῶν
663 3578 766 3638 ἱππέοιν
790 3582 865 3660 μάχη
885 3580 993 3652 τοιαύτη

214 3695 253 3737 τις
268 3663 347 3743 {stip
364 3670 391 3729 δέ
415 3675 466 3728 τῶν
481 3673 566 3738 πεζῶν
589 3674 622 3748 τῇ
640 3671 688 3744 μὲν
707 3671 822 3750 ε’μρερῆς
844 3670 944 3749 ἐκείνῃ,
960 3676 993 3749 τῇ

217 3760 244 3818 δέ
257 3761 389 3841 διάφορος·
406 3762 520 3841 ἐμρερὴς
534 3756 581 3834 μέν
599 3757 712 3816 κατὰτὸ
732 3759 855 3835 σύμπαν,
875 3759 994 3838 διάρορος

218 3848 245 3906 δέ
260 3849 374 3907 κατὰτὰ
390 3848 468 3927 μέρη.
485 3848 525 3906 Τὸ
541 3846 587 3923 μέν
601 3845 652 3927 γάρ
663 3846 743 3914 δεξιὸν
761 3846 839 3925 κέρας
856 3847 993 3923 ἐπιρρεπέ·

164 3964 192 4002 ςο
219 3960 309 4015 στερον
329 3941 445 4015 ὑπῆρχεν
461 3937 608 4015 ἑκατέροις,
632 3937 661 3995 τό
684 3936 711 3994 δὲ
737 3935 873 4013 ἀριστερὸν
900 3937 994 3992 ὑποδε-

219 4025 334 4101 έστερον.
379 4029 419 4084 Οὑ
435 4026 523 4102 μέντοι
540 4025 586 4082 σὺν
600 4029 637 4104 τῷ
651 4025 785 4104 άσχῆμονι
807 4025 839 4081 τδι
855 4027 926 4080 νῶτα
942 4030 994 4093 τοῖς

217 4112 353 4185 πολεμίοις
373 4113 505 4171 ἐνέκλιναν
528 4113 671 4190 οὐδέτεροι,
690 4112 758 4168 άλλόι
774 4110 820 4168 σὺν
841 4112 934 4191 κόσμῳ
949 4114 993 4170 καὶ

218 4200 290 4276 παρὰ
305 4211 361 4266 ταῖς
376 4203 504 4273 σημαίαις
521 4201 644 4277 μένοντες
665 4202 784 4280 ἑκάτεροι
806 4200 851 4258 καί
866 4200 914 4271 τὴν
930 4226 994 4279 προ·

219 4287 299 4357 ύολῆν
312 4290 491 4367 φυλάττοντες,
502 4292 570 4347 κατά
587 4291 679 4369 μικρὸν
690 4288 841 4368 ὑπεχώρουν
854 4291 993 4353 ὀπίσω.οί

164 4397 191 4437 ιο
218 4376 244 4435 δέ
262 4376 459 4454 ἀριστεύσαντες
482 4373 549 4448 Ιῆσαν
571 4383 600 4438 ἐκ
615 4379 661 4455 μέν
684 4384 729 4449 τῆς
751 4382 891 4458 βασιλικῆς
913 4406 993 4458 στρα-

217 4476 274 4532 τιᾶς
301 4466 465 4531 Μακεδόνες·
487 4460 557 4525 οὑτοι
581 4468 632 4548 γάρ
654 4469 807 4529 ἀνέστειλαν
835 4472 865 4530 τό
890 4477 993 4550 πρῶτον

216 4558 267 4613 τῶν
285 4554 425 4629 Ῥωμαίων
440 4557 615 4635 στρατόπεδον
640 4558 758 4623 καὶτοὺς
774 4559 819 4616 σὺν
838 4565 924 4627 αὐτοῖς
943 4586 992 4619 τα-

216 4644 325 4723 χθέντας
340 4644 480 4710 Λατίνους·
500 4648 529 4703 ἐκ
545 4649 571 4704 δὲ
588 4652 634 4716 τῆς
649 4646 803 4724 Ῥωμαϊκῆς
817 4653 840 4707 οἱ
856 4651 991 4707 συνελθόν-

216 4756 256 4798 ti<
275 4737 309 4799 εἷς
327 4734 357 4792 τό
372 4733 490 4809 δεύτερον
508 4735 608 4813 τάγμα,
626 4740 771 4804 ittoiaen<
792 4738 837 4794 καί
862 4740 993 4816 Θεσπρω·

163 4851 188 4885 ιιι
215 4825 268 4885 τοῖς
279 4822 323 4877 καί
338 4823 440 4881 Χάοσιν
449 4824 569 4883 ἐναντίοι.
581 4826 760 4893 linientem-103
773 4825 800 4882 δέ
809 4832 853 4883 τοὺ
865 4828 992 4904 βασιλέως

215 4908 274 4972 τοὺς
292 4912 435 4989 ἐλέφαντας
458 4912 500 4969 ἐπὶ
522 4911 552 4971 τό
573 4912 676 4989 κάμνον
692 4918 737 4982 τῆς
762 4923 887 4991 στρατιᾶς
903 4915 991 4991 οἴγειν,

216 4997 343 5070 μαθόντες
357 5002 404 5069 τὴν
420 5003 510 5080 ἔφοδον
527 5005 578 5059 τῶν
590 5002 696 5078 θηρίων,
709 5006 732 5061 oi
744 5011 801 5068 ταῖς
814 5004 993 5083 κεραιορόροις

215 5084 402 5156 ἐπιόεόηκότες
415 5089 526 5164 ἁμάξαις
542 5091 654 5160 ἤλαυνον
672 5092 762 5165 ὑμόσε.
807 5083 889 5150 Οὑτοι
902 5093 932 5150 τὸ
945 5092 992 5170 μέν

214 5174 317 5248 πρῶτον
333 5175 443 5254 ἐπέσχον
461 5183 507 5248 τῆς
529 5181 612 5254 ὁρμῆς
626 5177 659 5232 τὰ
681 5178 777 5255 θηρία,
799 5180 920 5245 παίοντες
934 5191 992 5250 ταῖς

1040 576 1155 628 rissimos
1176 576 1312 642 injicerent.
1365 574 1542 642 compluribus
1569 575 1651 627 etiam
1668 589 1769 628 manus
1792 592 1828 630 aa·

1041 687 1112 726 nere
1126 679 1196 725 erant
1209 678 1309 738 stupam
1323 674 1378 739 pies
1392 674 1471 724 multa
1486 673 1604 738 pinguem
1623 673 1758 738 ίσιιειιιοε,
1776 680 1830 728 ante

1041 781 1131 819 eunus
1152 771 1320 832 exporrecte,
1337 781 1400 832 quas
1421 766 1523 831 quidam
1541 767 1572 817 ad
1591 767 1643 818 boe
1663 767 1692 819 iu
1717 769 1831 821 curribus

1042 865 1311 928 manutenendae
1329 865 1419 916 belluis
1437 865 1692 931 appropinquassent,
1720 867 1779 932 igue
1791 882 1830 921 re·

1042 963 1158 1028 pletaain
1176 961 1337 1028 proboscidea
1348 975 1433 1012 earum
1444 965 1519 1026 atque
1531 963 1620 1013 oeulos
1636 962 1783 1015 immissnri
1791 978 1829 1016 ea·
1876 944 1878 951 ¹

1043 1064 1108 1114 rent
1142 1064 1263 1112 praterea
1279 1061 1305 1112 in
1322 1060 1446 1120 curribus,
1466 1061 1509 1124 qni
1526 1064 1595 1112 rotas
1609 1063 1740 1127 quastuor
1760 1063 1832 1115 babe

1043 1159 1111 1220 bant,
1122 1157 1195 1210 loeati
1207 1163 1278 1210 erant
1293 1159 1357 1210 iaris
1368 1163 1500 1211 umaturra
1515 1158 1608 1212 milites
1629 1166 1711 1226 atque
1721 1160 1832 1226 lapidum

1044 1256 1228 1308 attributorum
1240 1257 1376 1309 terreorum
1388 1257 1533 1309 funditores.
1585 1257 1634 1309 Alii
1655 1259 1741 1311 multo
1751 1259 1833 1325 plnrer

1041 1355 1113 1419 juxta
1128 1367 1216 1407 eunus
1226 1353 1312 1406 insola
1323 1355 1430 1407 stabant.

1077 1557 1146 1608 idem
1159 1556 1221 1607 ordo
1244 1556 1372 1618 utriusque
1388 1554 1515 1606 exereitus
1537 1556 1600 1605 erat.
1634 1556 1767 1608 ltumoeus
1788 1570 1831 1608 an·

1045 1648 1096 1696 tem
1118 1647 1242 1711 copiarum
1263 1645 1288 1694 in
1312 1644 1379 1707 regio
1402 1643 1514 1695 exercitu
1538 1643 1651 1707 peditum
1674 1646 1832 1710 septuaginta

1046 1733 1140 1795 miliia,
1155 1748 1260 1799 quorum
1275 1733 1383 1782 sedecim
1409 1730 1486 1783 millia
1505 1734 1577 1783 erant
1600 1733 1768 1795 Grteeornm,
1789 1735 1832 1798 qui

1047 1823 1157 1873 lonicum
1172 1835 1237 1872 narare
1256 1820 1416 1883 traiecerant:
1433 1820 1458 1870 in
1477 1822 1588 1871 Romano
1607 1822 1721 1872 erereitu
1739 1823 1832 1887 pedites

1047 1924 1122 1974 supra
1144 1910 1299 1973 septuaginta
1316 1908 1406 1971 miliia,
1426 1908 1489 1958 inter
1509 1921 1603 1972 eosque
1623 1922 1658 1960 eu
1682 1909 1739 1974 ipsa
1758 1914 1833 1962 Ιιοοιε

1047 1997 1108 2047 urbe
1120 1998 1197 2047 miliia
1216 1998 1266 2046 iere
1288 1996 1382 2061 viginti.
1418 1995 1519 2059 Equites
1533 1997 1654 2046 Romanis
1668 2001 1743 2048 erant
1754 1998 1833 2049 oetier

1050 2086 1100 2136 tere
1114 2085 1189 2144 mille,
1209 2085 1306 2147 Pyrrho
1324 2083 1406 2149 paullo
1422 2084 1506 2148 plures
1527 2098 1558 2134 ae
1574 2088 1696 2149 preterea
1707 2087 1834 2152 elephanti

1047 2175 1208 2236 undeviginti.

1079 2266 1110 2313 11.
1123 2262 1290 2329 signisproeiii
1314 2262 1401 2322 editis,
1423 2261 1515 2312 milites
1529 2275 1640 2327 paeamm
1657 2266 1774 2314 canentes
1794 2265 1836 2314 si·

1046 2361 1148 2424 mulque
1159 2362 1242 2413 euneti
1257 2361 1390 2411 clamarem
1404 2359 1521 2411 bellinum
1541 2362 1643 2413 edentes
1657 2369 1832 2425 concurrunt,

1047 2474 1172 2527 manuque
1188 2467 1303 2513 conserta
1315 2475 1386 2512 anam
1403 2462 1495 2526 quique
1510 2464 1636 2527 pugnandi
1653 2465 1771 2529 peritiam
1787 2481 1834 2518 es·

1047 2565 1160 2615 tendunt.
1193 2569 1277 2629 Atque
1295 2564 1392 2630 equites
1412 2563 1512 2629 quidem
1537 2563 1571 2615 ad
1596 2578 1691 2616 namna
1713 2567 1833 2632 utrinqne

1047 2662 1121 2713 locati
1143 2663 1175 2713 ad
1199 2676 1237 2727 ea,
1254 2663 1345 2727 quibus
1367 2663 1482 2712 sciebant
1497 2674 1525 2712 se
1541 2663 1682 2726 prevalere
1698 2663 1830 2727 hostibus,

1048 2760 1237 2824 confugiebant,
1252 2760 1354 2812 ltarnani
1377 2761 1410 2811 arl
1430 2775 1536 2825 pugnam
1555 2763 1671 2814 eominus
1694 2764 1829 2819 ineundam

1048 2866 1074 2912 et
1088 2864 1159 2927 quasi
1178 2865 1322 2918 statoriam.
1339 2864 1419 2914 Graeci
1436 2864 1467 2914 ad
1479 2864 1743 2929 circumequitationes
1755 2872 1831 2934 atque

1048 2966 1209 3016 evolutiones.
1235 2965 1282 3023 itti,
1306 2964 1424 3016 aiGreeei
1439 2966 1515 3030 tergis
1538 2965 1652 3030 ipsorum
1673 2967 1829 3029 insistebant,

1048 3074 1130 3124 subito
1140 3073 1317 3123 convertebant
1335 3087 1421 3137 equos,
1437 3074 1554 3137 frenaque
1565 3072 1707 3127 inhibentes
1719 3078 1832 3141 perlitum

1048 3172 1121 3221 innodo
1136 3171 1292 3236 pugnabant;
1309 3172 1342 3231 bi,
1356 3172 1456 3234 qnando
1473 3175 1596 3221 Romanos
1613 3173 1637 3222 in
1658 3175 1759 3226 bostem
1771 3191 1832 3227 ron·

1048 3289 1133 3323 versos
1151 3273 1268 3338 proelium
1286 3273 1406 3323 sustinere
1428 3273 1552 3335 riderent,
1567 3273 1600 3323 ml
1616 3273 1731 3326 dextram
1752 3277 1832 3329 deeli-

1048 3378 1148 3434 nantes,
1167 3375 1231 3423 taeta
1241 3375 1382 3424 evolutione
1396 3388 1473 3438 equos
1486 3375 1695 3439 circumagebant,
1707 3392 1737 3427 ac
1750 3377 1834 3429 denuo

1049 3477 1072 3524 in
1083 3477 1254 3538 exporrectum
1272 3474 1378 3523 frontem
1399 3473 1545 3533 constituti,
1563 3475 1672 3526 admotis
1692 3478 1833 3530 calcaribus

1048 3575 1181 3624 irruebant.
1215 3574 1273 3623 Tale
1296 3573 1342 3621 tuit
1358 3577 1472 3636 equestre
1492 3574 1618 3636 prelium3
1641 3575 1684 3624 eui
1701 3577 1829 3640 pedestre,

1050 3696 1100 3747 qua
1120 3681 1200 3730 simile
1214 3695 1263 3744 qua
1275 3679 1393 3728 dissimile
1409 3700 1415 3728 ι
1438 3678 1518 3728 simile
1543 3681 1567 3730 in
1580 3679 1741 3743 universum,
1755 3684 1831 3734 dissi·

1048 3785 1106 3834 mile
1120 3797 1164 3847 per
1173 3785 1262 3847 partes.
1297 3781 1395 3830 Etenim
1403 3780 1520 3831 deutrum
1536 3794 1613 3830 cornu
1624 3782 1690 3844 apud
1711 3787 1834 3848 utrasque

1048 3884 1263 3950 praeponderabat,
1284 3882 1412 3931 sinistrum
1430 3884 1514 3931 autem
1537 3881 1632 3931 viribus
1648 3881 1753 3932 interius
1768 3889 1832 3937 eret.

1047 3982 1132 4034 b'eutri
1147 3986 1229 4031 tamen
1246 3995 1303 4031 eum
1326 3978 1447 4029 dedecore
1463 3984 1532 4043 terga
1553 3979 1652 4039 dedere.
1668 3981 1713 4031 sed
1727 3984 1768 4033 uti
1786 3983 1832 4034 de·

1049 4079 1120 4129 eebat
1133 4090 1206 4141 prope
1221 4078 1289 4140 signa
1305 4080 1433 4126 manentes
1450 4077 1557 4140 utrique,
1575 4078 1600 4126 el
1612 4077 1691 4126 scutis
1701 4083 1835 4140 praetentis

1048 4192 1102 4229 sese
1118 4181 1222 4238 tuentes,
1243 4177 1392 4241 pedetentim
1408 4174 1604 4227 retrocedebant.
1642 4176 1748 4226 Virtutis
1763 4194 1834 4242 prae·

1048 4281 1126 4329 mium
1139 4294 1152 4328 e
1168 4279 1240 4342 regiis
1255 4281 1396 4327 meruerant
1411 4277 1573 4338 Macedones,
1589 4277 1632 4340 qni
1653 4277 1756 4340 primam
1777 4282 1833 4332 Ro.

1048 4395 1177 4430 manorum
1202 4379 1319 4440 legionem
1333 4392 1361 4426 ae
1383 4377 1528 4440 subiunctas
1540 4378 1562 4426 ei
1586 4376 1682 4426 latinos
1701 4378 1832 4439 repulere.

1049 4485 1115 4531 inter
1124 4485 1245 4530 Romanas
1260 4478 1376 4527 ereelluit
1392 4478 1453 4541 legio
1465 4478 1586 4537 seranda,
1606 4490 1660 4539 qum
1673 4476 1793 4530 Molossis
1805 4485 1833 4532 et

1048 4586 1191 4649 Tiresprolis
1208 4588 1232 4633 et
1246 4583 1386 4632 Cbaonibus
1413 4586 1466 4632 erat
1480 4582 1599 4646 opposita.
1633 4582 1688 4630 lam
1709 4596 1771 4633 iero
1789 4585 1833 4634 ubi

1048 4702 1092 4738 rex
1112 4689 1254 4750 elephantos
1275 4687 1397 4737 adducere
1420 4687 1445 4735 in
1463 4685 1614 4735 laborantem
1631 4683 1756 4734 exereitus
1772 4700 1831 4749 par·

1049 4795 1098 4841 tem
1115 4791 1201 4852 jussit,
1224 4794 1351 4855 comperto
1365 4789 1501 4839 belluarum
1516 4802 1632 4842 aeressu,
1646 4786 1689 4849 qui
1713 4786 1834 4836 curribus

1048 4890 1153 4940 innatatis
1170 4890 1315 4949 institerant,
1330 4890 1418 4939 eodem
1431 4888 1637 4951 provehebantur.
1670 4891 1707 4934 Ae
1720 4887 1833 4949 primum

1047 4992 1148 5054 quidem
1171 4991 1290 5054 impetum
1312 4990 1449 5039 belluarum
1475 4989 1627 5048 inhibebant,
1651 4989 1775 5037 nraelrinis
1794 4990 1832 5038 ie·

1047 5093 1138 5143 aientes
1157 5106 1293 5154 manusque
1318 5092 1431 5152 igniteras
1458 5092 1481 5138 in
1505 5091 1590 5139 oerrios
1614 5103 1699 5138 earum
1721 5103 1833 5140 conver·

1047 5194 1137 5242 tentes.
1172 5189 1263 5238 Deinde
1285 5201 1353 5249 raro,
1380 5202 1457 5251 apuam
1477 5186 1587 5237 turribus
1611 5186 1718 5250 impositi
1736 5187 1834 5238 belluas
