3772 5828
161 305 223 366 ata

163 462 176 488 ι
192 439 240 508 τῆς
252 432 454 516 στρατολογίας,
468 433 531 495 θίων
545 432 749 515 εὐπορήσαντες.
792 440 826 497 El
839 436 887 513 μὲν
898 427 943 496 σύν

164 551 178 577 ιι
195 522 343 598 ἀκμάζοντί
352 546 397 600 μοι
407 522 437 582 τό
447 527 526 603 σῶμα
540 529 625 584 ταῦτα
640 525 805 602 προσάπτοι,
821 526 900 597 δῆλον
911 526 942 586 ἀν

164 638 177 663 ιι
195 613 264 692 ἔργῳ
286 611 399 685 ἐποίησα
421 613 475 678 τοῖς
500 615 618 694 ἐχθροῖς,
642 604 695 672 οἷον
720 612 783 672 όντα
804 637 837 689 με
861 613 943 695 ἄνδρα

165 728 178 752 ι
195 698 429 781 προύπηλάκισαν·
450 702 541 773 ἀπειδθΙ
561 699 588 759 δὲ
603 702 670 783 ύπίρ
691 694 875 780 ίύδομήκοντα
896 702 942 774 ἔτη

121 820 134 859 ς
165 816 177 841 ι
195 790 307 874 γέγονα,
325 786 372 846 καλ
390 789 420 847 οὐ
442 789 550 857 δυνατὸς
572 789 609 848 ἔτι
631 789 740 868 ἀμύνειν
762 793 848 872 ἑαυτῷ
873 793 943 870 εἰμι,

165 907 177 932 ι
195 883 248 959 θρῶ
262 903 307 956 τε,
323 877 363 938 δτι
377 880 424 937 οὐκ
446 877 478 936 ἀν
499 879 538 940 ἔτι
556 878 602 938 ὑπ’
625 882 691 959 ipsi
704 880 830 942 παύσαιθ
844 885 862 954 ἡ
878 881 944 941 στά-

166 996 178 1022 ι
196 991 236 1035 σις
249 970 341 1044 ὑμῶν,
358 965 517 1044 ἀποτίθεμαι
529 965 578 1039 τὴν
592 968 678 1048 ἀρχὴν
692 968 740 1029 καὶ
752 968 796 1029 lui
814 973 867 1036 τοῖς
882 974 944 1048 βου·

166 1086 178 1111 ι
196 1055 317 1132 λομένοις
330 1054 362 1114 τὸ
376 1057 455 1132 σῶμα
471 1057 587 1134 ἐμαυτοῦ
602 1062 686 1131 ποιῶ,
701 1056 726 1117 εί
746 1081 773 1118 τι
788 1056 885 1119 οίονται
898 1059 945 1118 ὑπ’

165 1172 178 1199 ι
198 1147 263 1223 ἐμοῦ
289 1145 484 1221 ἐξηπατῆσθαι,
520 1144 672 1225 χρήσασθαί
700 1169 747 1223 μοι
766 1144 783 1202 ό
793 1170 818 1206 τι
842 1145 875 1206 ἀν
904 1147 945 1206 δι-

108 1266 135 1307 m
166 1257 327 1294 ικαιωσι.ι

202 1326 293 1386 xlv.
317 1325 410 1384 Ταῦτα
422 1323 522 1400 εἰπὼν,
538 1321 569 1383 τὸ
591 1321 639 1400 μὲν
654 1321 795 1399 δημοτικόν
817 1321 889 1381 ἀπαν
910 1325 945 1391 είς

161 1414 325 1493 συμπάθειαν
353 1412 517 1491 θπηγάγετο,
544 1411 590 1470 καὶ
616 1409 793 1492 προύπεμψαν
817 1409 895 1470 αὐτόν
915 1414 945 1471 ἐκ

161 1509 209 1576 τῆς
221 1508 318 1582 ἀγορᾶς
332 1499 460 1560 ἀπιόντα·
475 1499 524 1572 τὴν
539 1499 567 1560 δί
582 1500 679 1578 βουλὴν
699 1499 738 1559 irc
752 1499 945 1583 χαλεπωτέραν

161 1593 234 1672 αὐτῷ
248 1590 367 1667 γενέσθαι
380 1588 590 1669 παρεσκεύασεν.
640 1587 729 1655 Εὐθὺς
743 1586 771 1649 δὲ
786 1586 855 1666 μετὰ
868 1593 945 1650 τοῦτο

109 1709 135 1749 ts
160 1681 218 1741 τάδ’
236 1680 347 1758 ίγίνετο·
367 1680 391 1737 ol
412 1677 461 1755 μίν
472 1677 583 1750 πίνητις
592 1678 680 1738 οὐκέτι
694 1677 782 1757 κρύφα
803 1674 863 1736 οὐδὲ
883 1676 944 1737 νύκ·

161 1793 230 1851 τωρ,
254 1772 289 1834 ὡς
311 1766 453 1848 πρότερον,
485 1768 545 1825 ἀλλ’
569 1766 716 1848 ἀναφανδὸν
738 1766 790 1839 ἤδη
818 1765 947 1836 συνιόντες

162 1859 298 1918 ίόούλευον
312 1856 460 1916 ἀπόστασιν
476 1855 529 1914 ἀπὸ
541 1859 593 1915 τῶν
606 1853 764 1935 πατρικίων.
789 1853 825 1915 ‘H
841 1855 869 1914 δὲ
882 1858 947 1936 βου-

165 1946 199 2019 λὴ
213 1946 325 2005 κωλύειν
342 1944 512 2020 διανοουμένη
531 1948 586 2012 τοῖς
605 1943 713 2011 θπάτοις
739 1942 847 2013 ίπίταξε
864 1944 947 2020 μήπω

161 2035 231 2095 λύειν
250 2034 284 2093 sit
301 2031 500 2114 στρατεύματα.
541 2036 604 2094 Τῶν
625 2032 678 2113 γάρ
700 2035 779 2112 τριῶν
801 2032 946 2111 ταγμάτων

109 2158 136 2198 20
163 2123 202 2181 ἔτι
211 2122 299 2201 κύριος
327 2113 358 2193 ἦν
375 2122 426 2187 τοῖς
448 2128 646 2202 στρατιωτικοῖς
663 2121 750 2201 ὅρκοις
771 2120 946 2200 κατειργομί·

162 2236 228 2279 νων,
240 2211 286 2268 καλ
301 2208 383 2275 οὐδεὶς
396 2209 586 2269 ἀπολείπεσθαι
599 2212 650 2268 τῶν
668 2208 786 2288 σημιίων
799 2208 885 2280 ἠξίου·
898 2232 946 2268 το-

162 2304 254 2359 σοῦτον
276 2297 368 2375 ἴσχυεν
382 2300 461 2356 ὁτῶν
478 2297 562 2380 ὅρκων
571 2301 598 2358 ἐν
617 2298 721 2378 ἑκάστῳ
735 2297 824 2378 ρόόος.
869 2298 945 2378 Πρό-

163 2409 242 2467 ρασις
257 2386 285 2446 δὲ
299 2385 498 2458 κατεσκευάσθη
512 2390 561 2458 τῆς
585 2385 741 2467 στρατείας,
763 2389 800 2454 ῶς
822 2388 944 2447 Αἰκανῶν

164 2476 209 2535 καλ
224 2475 348 2537 Σαόίνων
359 2476 573 2545 συνεληλυθότων
584 2477 619 2543 είς
634 2474 662 2534 ἓν
672 2474 717 2537 ἐπί
736 2478 775 2556 τῷ
789 2474 859 2534 κατὰ
875 2475 945 2536 Ῥω-

109 2607 136 2646 2,
164 2564 249 2642 μαίων
268 2565 389 2645 πολέμῳ.
433 2563 479 2630 Ὡς
504 2563 531 2623 δὲ
555 2568 685 2645 προῆλθον
709 2563 759 2634 lim
777 2568 825 2637 τῆς
844 2563 945 2633 πόλεως

162 2655 186 2714 οἱ
201 2653 297 2712 ὕπατοι
312 2654 359 2719 τάς
372 2653 494 2728 δυνάμεις
514 2654 618 2733 ἔχοντες
641 2652 687 2712 καὶ
702 2651 750 2721 τάς
771 2651 945 2732 παρεμύολδς

164 2745 193 2803 οὗ
211 2743 301 2823 πρόσω
312 2742 358 2800 ἀπ’
371 2744 493 2815 ἀλλήλων
507 2741 612 2818 ἔθεντο,
636 2742 802 2809 συνελθόντες
821 2745 845 2800 οἱ
865 2764 946 2823 στρα-

165 2834 259 2890 τιῶται
279 2835 314 2897 εἰς
328 2829 356 2889 ἓν
370 2831 506 2909 ἅπαντες,
527 2829 616 2889 θ’πλων
628 2854 657 2890 τε
674 2829 721 2890 καί
736 2829 853 2907 σημείων
876 2829 946 2899 ὄντες

163 2916 265 2995 κύριοι,
283 2917 401 2977 Σικινίον
423 2917 492 2983 τινὀς
512 2917 661 2977 Βελλούτου
685 2916 880 2998 παροξύναντος
901 2918 947 2975 αιί-

162 3005 235 3076 τούς,
247 3005 404 3085 ἀφίστανται
415 3010 467 3064 τῶν
480 3004 589 3063 θπάτων
603 3004 772 3085 ἁρπάσαντες
782 3007 816 3064 τὰ
832 3007 946 3084 σημεῖα·

162 3093 312 3171 τιμιώτατα
328 3093 380 3173 γάρ
404 3092 551 3169 Ῥωμαίοις
573 3098 658 3150 ταῦτα
671 3092 716 3151 ἐπί
741 3094 880 3173 στρατείας
902 3094 948 3151 καὶ

164 3181 255 3263 ῶσπερ
279 3182 413 3260 ἱδρύματα
436 3185 500 3240 θεῶν
521 3181 580 3261 lep&
602 3181 752 3259 νομίζεται·
771 3180 901 3262 λοχαγούς
920 3206 948 3241 τε

164 3270 267 3352 ἑτάρους
293 3271 338 3328 καί
364 3270 426 3349 περὶ
452 3268 577 3328 ἁπάντων
601 3269 717 3349 ἄρχοντα
750 3268 794 3328 τὸν
831 3269 948 3330 Σικίνιον

166 3358 366 3430 ἀποδείξαντες,
383 3356 441 3439 όρος
462 3358 488 3417 τί
512 3357 766 3434 καταλαμόάνονται
780 3358 892 3429 πλησίον
905 3357 947 3418 Ἀ-

109 3483 136 3521 3,
163 3448 250 3520 νίητος
271 3450 393 3522 ποταμοῦ
416 3445 551 3523 κείμενον,
566 3450 595 3506 ού
615 3445 706 3526 πρόσω
727 3451 775 3517 τῆς
794 3445 948 3524 Ῥώμης,δ

165 3542 208 3592 νῦν
231 3535 257 3604 ἐξ
273 3536 370 3594 ἐκείνου
386 3534 466 3616 Ἱερὸν
489 3534 546 3616 όρος
567 3538 699 3598 καλεῖται.
743 3539 805 3597 Τῶν
827 3539 853 3598 δὲ
878 3537 948 3596 ύπά-

164 3648 217 3682 των
229 3624 274 3683 καὶ
291 3626 414 3704 λοχαγῶν
431 3625 650 3701 μετακαλούντων
665 3624 760 3694 αὐτούς
780 3627 837 3704 άμα
860 3628 948 3699 δεήσει

164 3713 210 3770 καὶ
229 3717 331 3792 οἰμωγῇ
352 3713 399 3772 καί
419 3713 505 3773 πολλά
531 3713 764 3796 ὑπισχνουμένων,
787 3716 949 3798 ἀπεκρίνατο

165 3804 179 3858 θ
199 3803 326 3869 Σικίνιος·
348 3830 360 3856 ι
388 3801 456 3863 Τίνα
480 3803 588 3883 γνώμην
610 3793 772 3884 ἔχοντες,ῶ
795 3805 945 3885 πατρίκιοι,

109 3919 137 3958 ⁴0
169 3916 181 3941 s
198 3889 240 3958 οθς
255 3892 411 3962 ἀπηλάσατε
428 3894 458 3950 ἐκ
473 3896 519 3963 τῆς
530 3892 656 3972 πατρίδος
669 3893 714 3951 καὶ
731 3894 789 3950 ἀντ’
806 3893 946 3971 ἐλευθέρων

166 4004 178 4028 ι
194 3978 300 4045 δούλους
322 3981 480 4055 ἐποιήσατε,
498 3985 543 4038 νῦν
559 3984 750 4059 μετακαλεῖτε;
770 3980 833 4059 ποίᾳ
844 3980 871 4038 δὲ
887 3980 947 4039 πίσ-

110 3053 137 3095 θθ

168 4091 181 4117 ιι
198 4088 237 4124 τει
252 4066 298 4132 τὰς
317 4069 472 4147 ὑποσχέσεις
492 4073 557 4146 ἡμῖν
578 4070 764 4146 ἐμπεδώσετε,
779 4069 809 4135 ἃς
819 4068 947 4137 πολλάκις

166 4182 178 4206 ι
195 4152 247 4225 ἤδη
263 4155 423 4234 ψευσάμενοι
437 4159 602 4239 ἠλέγχεσθες
620 4162 680 4218 ἀλλ’
698 4158 788 4229 ἐπειδὴ
807 4158 882 4235 μόνοι
896 4158 945 4230 τὴν

165 4269 177 4293 ε
194 4241 271 4301 πόλιν
287 4241 388 4308 ἀξιοῦτε
409 4248 546 4326 κατέχειν,
561 4249 640 4307 ἄπιτε
656 4246 737 4324 μηδὲν
756 4247 808 4305 ὑπὸ
825 4250 876 4306 τῶν
894 4272 945 4308 πε-

109 4349 135 4386 ts
168 4331 283 4404 ινήτων
303 4333 348 4390 καὶ
362 4337 492 4418 ταπεινῶν
512 4338 709 4418 ἐνοχλούμενοι·
733 4341 797 4412 ἡμῖν
819 4338 846 4396 δὲ
867 4336 945 4417 ἀρκί·

168 4446 180 4472 ι
198 4442 238 4478 σει
261 4430 335 4478 πᾶσα
350 4427 400 4496 γῆ,
418 4427 443 4480 ἐν
463 4420 478 4491 ᾗ
497 4425 528 4483 ἀν
553 4431 581 4485 τὸ
597 4427 728 4502 ἐλεύθερον
747 4427 868 4505 ἔχωμεν,
885 4426 945 4486 όποι

164 4533 177 4561 ιι
191 4508 249 4565 ποτ’
265 4509 294 4565 ἂν
307 4498 325 4584 ᾗ
339 4512 488 4587 νομίζεσθαι
506 4515 606 4591 πατρίς.
622 4543 634 4567 ν

204 4596 307 4657 XLVI.
332 4594 378 4663 Ὡς
394 4597 416 4656 δ’
442 4599 557 4676 ἠγγέλθη
572 4609 656 4662 ταῦτα
674 4611 726 4669 τοῖς
749 4606 775 4662 ἐν
801 4608 834 4684 τῇ
859 4604 943 4675 πόλει,

163 4684 245 4752 πολὺς
264 4685 371 4767 θόρυύος
384 4689 427 4745 καὶ
441 4690 542 4766 οἰμωγὴ
563 4683 594 4763 ἦν
614 4693 658 4750 καὶ
674 4692 717 4751 διὰ
731 4697 784 4752 τῶν
803 4696 942 4751 στενωπῶν

110 4786 137 4824 5⁰
165 4772 276 4849 δρόμος,
291 4781 338 4834 τοῦ
354 4775 401 4852 μὲν
417 4775 502 4847 δήμου
515 4782 670 4838 καταλιπεῖν
685 4779 734 4851 τὴν
749 4780 825 4838 πόλιν
840 4802 943 4858 παρασ-

164 4863 348 4941 κευαζομένου,
361 4868 412 4922 τῶν
431 4864 459 4921 δὲ
477 4865 622 4945 πατρικίων
634 4868 791 4945 ἀποτρέπειν
802 4866 942 4936 ἀξιούντων

163 4946 276 5023 καλ“βίαν
288 4954 341 5019 τοῖς
358 4952 394 5028 μί,
412 4956 577 5032 βουλομένοις
595 4960 765 5037 προσφέρειν·
777 4956 826 5036 βοά
840 4979 868 5015 τε
883 4957 943 5036 περὶ

163 5033 210 5097 τὰς
229 5036 312 5104 πύλας
327 5040 372 5097 καί
393 5042 475 5110 πολὺς
490 5045 675 5120 ἀνακλαυθμὸς
701 5037 732 5116 ἦν
749 5044 821 5122 λόγοι
840 5069 869 5104 τε
884 5045 943 5103 κατ’

163 5117 286 5191 Μίλων
304 5125 393 5206 ἐχθροί
408 5131 453 5189 καὶ
468 5130 532 5210 ἔργα
554 5131 688 5209 πολεμίων
709 5132 834 5212 ἐγίνοντο,
856 5132 944 5193 οὐκέτι

642 360 647 371 ,
681 299 852 369 DIONYSll
876 302 1262 366 HALlCARNASSENSlS

996 463 1009 487 ιι
1026 443 1048 493 si
1064 443 1119 493 hmo
1138 442 1200 493 mihi
1212 441 1307 492 viribus
1331 440 1442 508 corporis
1461 439 1554 493 valenti
1568 441 1733 506 accidissent,
1748 457 1776 496 re

997 551 1010 577 ι
1023 532 1077 596 ipsa
1088 530 1196 580 inimicis
1208 528 1431 590 demonstrassem,
1447 529 1516 595 quali
1528 530 1583 580 viro
1598 532 1778 584 contumeliam

999 617 1135 670 «iecerint.
1168 619 1221 667 lam
1237 632 1309 680 vero,
1334 632 1392 669 cum
1413 619 1621 683 septuagesimum
1645 622 1714 671 aetati
1730 635 1777 672 an·

998 727 1010 752 ι
1025 721 1084 758 num
1097 707 1262 769 excesserim,
1273 720 1351 770 neque
1366 706 1472 771 amplius
1486 706 1547 758 milri
1565 708 1617 773 ipsc
1627 722 1698 774 opem
1711 711 1779 761 terre

998 817 1011 841 ι
1026 797 1135 862 possim,
1147 808 1255 860 eumque
1271 795 1369 845 videam
1389 798 1486 847 vestrm
1502 795 1661 849 seditionesa
1676 812 1716 850 me
1732 813 1776 849 ee-

999 886 1079 936 «dari
1098 883 1203 949 amplius
1218 897 1266 934 non
1285 897 1370 948 posse,
1398 884 1527 949 imperium
1546 885 1657 951 depono,
1675 889 1701 938 ct
1719 888 1776 952 qui·

999 995 1012 1020 ι
1024 974 1131 1027 buslibet
1143 974 1179 1037 (si
1198 972 1258 1037 quid
1273 973 1366 1023 mandis
1381 987 1396 1023 a
1411 987 1450 1024 me
1465 973 1603 1025 admissum
1616 975 1773 1038 existimant)
1851 978 1854 983 “

999 1085 1012 1109 ι
1027 1062 1077 1113 mei
1093 1060 1202 1126 corporis
1215 1063 1362 1124 potestatem
1387 1061 1461 1122 tacio,
1487 1066 1518 1111 ut
1536 1076 1577 1113 me
1594 1063 1715 1115 arbitratu
1732 1076 1780 1114 suo

1000 1155 1144 1213 «tractent,
1164 1151 1237 1214 pmut
1250 1162 1349 1212 aequum
1366 1162 1422 1200 esse
1437 1149 1579 1202 iudicarint.
1597 1171 1611 1197 ν

1030 1332 1103 1381 xiv.
1126 1330 1180 1378 liae
1188 1327 1298 1379 oratione
1307 1327 1407 1389 liabita,
1419 1332 1471 1380 tota
1482 1329 1553 1395 plebs
1564 1331 1778 1384 commiseratione

999 1428 1066 1476 mota
1083 1425 1137 1483 est,
1152 1435 1259 1485 eumque
1281 1422 1314 1473 ‹le
1329 1424 1381 1472 toro
1395 1423 1555 1476 decedentem
1567 1433 1698 1491 prosecuta
1718 1431 1776 1478 est:

999 1520 1100 1569 senatum
1120 1529 1179 1566 vero
1202 1515 1274 1576 louge
1296 1514 1373 1578 magis
1396 1515 1420 1565 in
1442 1516 1524 1581 ipsum
1544 1523 1704 1585 exasperatus
1727 1525 1775 1571 est.

999 1619 1089 1672 Statim
1101 1625 1183 1674 autem
1197 1622 1253 1674 brec
1266 1621 1400 1671 consecuta
1411 1619 1478 1668 sunt.
1513 1617 1602 1679 inopes
1612 1628 1660 1664 non
1669 1614 1777 1678 amplius

998 1714 1080 1778 clam,
1093 1729 1173 1780 neque
1190 1718 1279 1775 noctu,
1295 1717 1324 1764 ut
1341 1715 1414 1770 ante,
1428 1708 1472 1760 sed
1481 1709 1607 1773 propalam
1617 1709 1667 1759 iam
1681 1711 1775 1759 coeun-

1000 1810 1051 1867 tes,
1073 1809 1246 1859 consultabant
1269 1807 1301 1857 de
1323 1806 1461 1857 detectione
1485 1819 1500 1854 a
1527 1803 1637 1868 patriciis
1656 1801 1774 1853 cauenda.

1000 1903 1063 1950 cmn
1075 1906 1158 1952 autem
1170 1905 1271 1952 senatus
1290 1901 1314 1952 id
1327 1899 1456 1964 probibere
1471 1897 1561 1959 vellet,
1574 1896 1705 1962 imperarit
1716 1910 1776 1948 cun·

1000 1996 1095 2048 salibus
1110 1997 1272 2048 uterercitus
1287 1996 1397 2046 nondum
1409 1994 1573 2046 dimitterent.
1608 1992 1696 2043 Adbuc
1712 1993 1776 2044 enim

1001 2094 1105 2154 uterque
1121 2090 1147 2140 in
1169 2093 1292 2154 potestate
1312 2104 1358 2140 sua
1378 2088 1488 2139 babebat
1509 2092 1561 2137 tres
1583 2086 1702 2150 legiones,
1718 2097 1775 2149 que

999 2183 1147 2234 militaribus
1169 2184 1330 2235 sacramentis
1352 2183 1509 2243 tenebantur,
1537 2193 1582 2232 nec
1604 2192 1688 2230 eorum
1705 2179 1773 2241 quis·

999 2291 1076 2342 quam
1090 2277 1227 2342 relinquere
1238 2279 1308 2342 signa
1320 2277 1459 2328 sustinebat
1473 2297 1480 2326 ε
1498 2276 1595 2326 tantum
1610 2273 1675 2338 apud
1686 2287 1774 2324 unum·

999 2383 1124 2434 quemque
1155 2369 1313 2421 iurisiurandi
1340 2368 1426 2434 religio
1453 2368 1559 2419 valebat.
1591 2366 1775 2417 Pretexebntur

998 2465 1082 2512 autem
1095 2462 1215 2514 educendi
1227 2463 1351 2513 exereitus
1362 2475 1451 2512 caussa
1464 2498 1471 2523 ,
1488 2459 1560 2526 quasi
1573 2460 1646 2524 AEqui
1656 2463 1682 2510 ct
1693 2460 1776 2510 Sabini

999 2557 1066 2606 lacta
1083 2556 1261 2621 conspiratione
1274 2556 1365 2607 bellum
1381 2557 1474 2621 populo
1492 2557 1604 2605 Romano
1623 2553 1712 2603 interro
1732 2553 1776 2604 cle·

999 2648 1143 2700 crevissent.
1176 2649 1223 2699 sed
1234 2652 1366 2714 postquam
1379 2648 1495 2699 eonsules
1505 2662 1564 2698 cum
1578 2647 1658 2712 copiis
1671 2660 1702 2697 ex
1715 2646 1776 2696 urbe

999 2745 1057 2792 sunt
1072 2742 1178 2807 egressi,
1202 2747 1228 2793 et
1240 2747 1323 2793 castra
1335 2755 1392 2804 ,non
1407 2755 1498 2806 magno
1509 2740 1590 2805 spatio
1607 2741 1671 2790 inter
1690 2753 1717 2788 se
1728 2739 1777 2788 dis-

1000 2835 1078 2886 tantia
1093 2840 1244 2901 posuerunt,
1260 2835 1352 2886 milites
1362 2834 1388 2885 in
1403 2849 1480 2885 unum
1495 2847 1580 2883 omncs
1591 2834 1720 2891 coeuntes,
1737 2844 1776 2880 ar-

1000 2937 1149 2988 morumque
1163 2929 1188 2975 et
1203 2926 1327 2988 signorum
1337 2924 1445 2985 domini,
1456 2922 1545 2973 Sicimo
1556 2920 1663 2985 quodam
1679 2920 1775 2970 Belluto

1001 3025 1045 3062 eos
1064 3015 1215 3074 concitante,
1242 3014 1320 3079 raptis
1342 3014 1416 3076 signis
1440 3025 1455 3062 a
1471 3010 1612 3062 consulibus
1631 3010 1777 3061 deiecerunt

1003 3102 1069 3161 tboec
1081 3104 1147 3154 enim
1161 3105 1278 3155 millticea
1292 3103 1406 3155 Romanis
1416 3103 1440 3153 in
1456 3116 1553 3151 summo
1569 3101 1671 3162 lionore,
1684 3104 1775 3152 etian-

1002 3204 1077 3254 quam
1096 3206 1166 3242 sacra
1195 3192 1297 3242 deorum
1321 3192 1452 3242 simulacra
1473 3189 1613 3253 habentur)
1639 3191 1778 3254 creatisque

1003 3279 1074 3330 novis
1084 3280 1276 3341 centurionibus,
1288 3285 1313 3330 et
1322 3279 1379 3330 belli
1397 3291 1495 3329 summa
1506 3277 1539 3328 ad
1552 3277 1671 3329 Sicinium
1681 3277 1776 3338 delam,

1002 3373 1153 3433 occuparunt
1166 3373 1275 3419 montem
1289 3369 1414 3432 quendam
1428 3367 1458 3418 ad
1472 3366 1591 3417 Anienem
1602 3380 1711 3426 amnem,
1729 3379 1777 3416 non

1004 3462 1088 3524 procul
1104 3462 1135 3511 ab
1150 3462 1211 3512 urbe
1224 3462 1313 3520 situm,
1331 3461 1374 3523 qui
1384 3473 1449 3510 nuuc
1462 3458 1518 3509 inde
1531 3460 1607 3509 Sacer
1619 3472 1690 3508 mons
1708 3472 1778 3507 voca·

1003 3552 1052 3600 tur.
1087 3552 1150 3602 Cum
1162 3553 1246 3602 autem
1262 3548 1376 3599 musuleo
1387 3553 1413 3599 et
1425 3547 1583 3599 centuriones
1594 3560 1637 3597 eos
1651 3560 1708 3597 cum
1721 3560 1779 3612 pre-

1001 3639 1071 3688 cibus
1086 3643 1112 3690 et
1135 3641 1194 3690 tletu
1216 3641 1373 3697 revocarent,
1390 3642 1415 3687 et
1431 3637 1509 3687 multu
1530 3635 1714 3700 pollicerentur,
1729 3649 1780 3685 res-

1001 3728 1086 3792 pondit
1100 3728 1219 3779 Sicinius:
1236 3747 1248 3770 ιι
1264 3729 1319 3784 Quo
1329 3724 1420 3783 animo,
1434 3723 1538 3787 patricii,
1554 3735 1612 3784 eos,
1624 3735 1686 3784 quos
1700 3719 1779 3784 patria

1003 3839 1014 3862 ι
1030 3819 1172 3883 expulistis.
1185 3822 1211 3869 et
1226 3832 1253 3867 er
1269 3815 1353 3866 liberis
1364 3827 1451 3865 servos
1464 3813 1571 3871 lecistis,
1588 3825 1653 3861 nunc
1671 3821 1776 3859 revoca·

1003 3927 1015 3951 ι
1030 3909 1080 3958 list
1101 3909 1145 3956 aut
1165 3920 1214 3969 qua
1235 3904 1283 3954 ore
1308 3903 1428 3966 promissa
1453 3906 1535 3951 vestra
1561 3897 1701 3956 firmabitis,
1719 3908 1778 3959 qum

1002 4016 1014 4039 ι
1032 3994 1105 4044 toties
1126 3995 1188 4044 talea
1208 3995 1283 4044 tuisse
1297 3993 1411 4043 constat?
1431 3989 1479 4040 Sed
1498 3990 1611 4052 qrroniam
1629 3986 1673 4036 soli
1690 3984 1777 4034 urbem

1002 4103 1014 4126 ιι
1029 4081 1105 4132 vrrltts
1119 4087 1202 4132 tenere
1213 4120 1219 4141 ,
1229 4082 1310 4141 abite3
1331 4093 1377 4130 nec
1393 4078 1464 4129 vobis
1481 4079 1567 4141 inopes
1582 4079 1655 4139 atque
1670 4073 1778 4123 immites

1001 4172 1141 4222 «homines
1153 4172 1251 4222 molesti
1269 4172 1348 4220 erunt.
1391 4171 1443 4218 llos
1456 4181 1515 4216 vero
1535 4166 1601 4215 omni
1623 4165 1733 4228 regione,
1752 4162 1777 4212 in

1002 4281 1014 4304 ι
1028 4276 1077 4326 qua
1092 4261 1229 4312 libertatem
1247 4262 1356 4309 nostram
1373 4257 1479 4307 retinere
1500 4257 1648 4320 poterimus,
1671 4253 1781 4304 contenti

1001 4370 1012 4392 ιι
1029 4351 1135 4414 erimus,
1156 4355 1181 4400 et
1200 4349 1341 4412 ubicunque
1362 4347 1449 4406 tuerit,
1471 4359 1527 4396 eam
1549 4344 1655 4409 patriam
1669 4348 1778 4393 nostram

1001 4459 1012 4481 ι
1030 4440 1158 4490 ducemus.
1174 4461 1185 4483 ν

1029 4613 1111 4661 ΧΙΝΙ.
1138 4610 1183 4659 ΙΙίε
1196 4609 1220 4657 in
1236 4608 1321 4659 urbem
1337 4606 1501 4665 renuntiatis,
1516 4604 1599 4668 ingens
1618 4601 1741 4652 tumultus
1755 4603 1779 4651 et

999 4700 1071 4749 lletus
1085 4702 1123 4748 cst
1136 4701 1246 4758 exortus,
1262 4702 1288 4748 et
1304 4710 1439 4748 concursus
1451 4709 1494 4759 per
1507 4692 1560 4742 rias
1573 4692 1674 4756 plebeiis
1691 4690 1781 4742 urbem

998 4790 1111 4840 deserere
1127 4787 1280 4853 parantibus,
1291 4787 1402 4852 patriciis
1422 4798 1482 4836 vero
1497 4798 1571 4833 cosa
1592 4781 1719 4845 proposito
1737 4779 1780 4828 de·

999 4881 1093 4928 terrere
1101 4877 1255 4933 conantibus,
1263 4879 1289 4926 et
1301 4875 1349 4925 vim
1363 4873 1460 4938 illisqui
1473 4885 1558 4937 parere
1566 4868 1681 4920 nolebant
1690 4865 1781 4915 atlerre

998 4965 1136 5015 solentibus
1154 4977 1160 5007 τ
1174 4967 1199 5015 et
1214 4965 1306 5014 clamor
1316 4968 1391 5029 atque
1401 4960 1542 5011 lamentatio
1556 4960 1640 5024 ingens
1651 4955 1682 5005 ad
1694 4954 1779 5017 portas

998 5059 1059 5115 erat,
1074 5067 1119 5103 nec
1145 5053 1251 5103 edictis
1272 5066 1318 5103 nec
1340 5066 1355 5101 a
1375 5051 1446 5100 tactis
1463 5050 1577 5100 hostibus
1596 5044 1706 5098 homines
1731 5040 1779 5089 sibi

1001 5142 1178 5208 temperabant,
1191 5141 1345 5208 quianullus
1359 5140 1466 5204 amplius
1479 5143 1523 5190 aut
1534 5137 1625 5198 celatis,
1647 5136 1691 5184 aut
1704 5129 1780 5181 soda-
