3772 5828
215 304 254 365 38

217 435 265 512 ἅμ’
279 437 307 493 οὐ
322 436 408 515 πολλῇ
425 437 561 516 ἀποσκευῇ
584 436 755 516 βαρυνόμενοι
769 440 802 497 δι’
820 439 910 518 ὀλίγον
929 461 994 498 κατ-

215 527 335 603 ήχθησαν
364 527 400 591 εἰς
424 525 563 613 Σικελίαν,
588 526 633 584 καί
656 524 764 604 ᾤκησαν
790 527 852 606 περί
873 529 994 606 ποταμὸν

215 613 377 689 καλούμενον
406 615 536 693 Κριμισὸν
563 616 644 695 ένγῇ
669 617 806 690 Σικανῶν,
820 616 884 696 πρδς
905 619 994 698 φιλίαν

216 702 340 767 λαύόντες
361 706 425 781 παρ’
447 705 534 760 αὐτῶν
556 704 587 761 τὸ
610 704 708 783 χωρίον
727 701 769 761 διδ
798 703 846 775 τὴν
868 707 995 783 Αἰγέστου

173 805 186 842 ε
214 790 378 867 συγγένειαν,
393 791 531 870 γενομένου
557 814 586 849 τε
609 791 652 849 καί
676 792 817 872 τραρέντος
837 795 863 851 ἰν
884 794 994 875 Σικελία

214 877 284 937 κατὰ
305 878 407 938 τοιόνδε
428 902 455 936 τι
472 879 565 945 πάθος.
609 882 672 941 Τῶν
696 879 829 960 προγόνων
855 882 934 941 αύτοῦ
956 906 993 947 τις

215 969 281 1048 ἀνὴρ
294 970 422 1046 ἐπιμανὴς
444 971 474 1027 έκ
503 975 549 1027 τοῦ
567 972 690 1050 Τρωϊκοῦ
712 970 800 1047 γένους
820 971 855 1028 ὧν
885 972 993 1046 Λαομέ-

214 1060 283 1117 δοντι
310 1058 430 1138 διάφορος
451 1058 567 1133 γίνεται,
592 1058 637 1116 καί
659 1059 737 1118 αύτὲν
763 1064 777 1116 ὁ
803 1059 924 1136 βασιλεὺς
950 1063 992 1118 ἔπ’

215 1145 286 1224 αἰτία
302 1145 334 1214 δή
349 1169 400 1204 τινι
415 1145 504 1203 λαῦὼν
520 1146 615 1205 κτείνει
628 1148 674 1205 καὶ
691 1146 764 1224 γένος
779 1150 856 1207 αὐτοῦ
871 1149 900 1206 τὸ
915 1149 992 1229 άρρεν

162 1247 186 1285 ¹0
214 1233 304 1315 όταν,
325 1235 375 1292 ὑπὸ
397 1234 468 1299 δέους
491 1234 528 1310 μή
550 1259 576 1292 τι
595 1235 659 1312 πρὸς
682 1239 768 1296 αὐτῶν
785 1236 871 1315 πάθῃ·
894 1237 941 1304 τδς
964 1237 992 1296 δέ

214 1324 358 1400 θυγατέρας
373 1321 517 1399 παρθένους
540 1321 575 1380 ἔτ’
595 1319 673 1390 ούσας
692 1326 847 1383 ἀποκτεῖναι
873 1325 921 1403 μέν
944 1328 991 1384 οῦκ

214 1408 340 1489 εὐπρεπές
363 1409 484 1487 ένόμισε,
500 1414 526 1471 Τ
529 1411 592 1489 posi
619 1410 646 1470 δὲ
672 1412 842 1478 συνοικούσας
865 1415 990 1493 περιιδεῖν

214 1500 261 1557 οῦκ
284 1496 414 1578 ἀσφαλές,
435 1500 525 1562 δίδωσι
549 1501 574 1557 δ’
594 1499 674 1565 αύτδς
695 1499 818 1579 ἐμπόροις
831 1502 866 1566 ὡς
884 1523 990 1580 προσοι-

170 1616 174 1649 ι
212 1589 283 1645 τάτω
296 1586 421 1648 κελεύσας
446 1588 567 1663 εἰπάγειν.
611 1587 731 1654 Ταύταις
755 1587 893 1656 ἀπιούσαις
914 1589 991 1648 συνέ-

160 1698 184 1734 ιο
211 1677 271 1733 πλει
289 1676 425 1755 μειράκιόν
445 1699 471 1734 τι
496 1680 548 1734 τῶν
570 1677 702 1757 ἐπιφανῶν
720 1677 896 1756 κρατούμενον
913 1678 991 1758 ἔρωτι

212 1766 258 1831 τῆς
285 1764 386 1842 ἑτέρας,
403 1765 448 1821 καὶ
472 1773 553 1840 γαμεῖ
574 1762 623 1835 τὴν
643 1763 787 1836 παιδίσκην
808 1767 932 1844 ἀχθεῖσαν
955 1769 991 1833 εἰς

211 1852 348 1925 Σικελίαν,
369 1853 415 1912 καί
429 1852 528 1933 γίνεται
542 1853 628 1919 αὐτοῖς
644 1856 705 1919 παῖς
720 1855 746 1911 έν
758 1855 877 1921 Σικελοῖς
890 1855 991 1936 διατρί-

212 1940 301 1999 ύουσιν
310 1942 437 2020 Αἴγεστος
450 1939 546 2016 ὄνομα·
558 1941 584 2007 δς
590 1941 641 2012 ἤθη
647 1940 692 1999 καὶ
699 1942 822 2018 γλῶσσαν
830 1946 881 2000 τῶν
892 1945 992 2023 έπιχω·

212 2027 273 2107 ρίων
290 2028 427 2104 ἐκμαθὼν,
442 2029 534 2099 ἐπειδὴ
557 2029 615 2096 τοῦς
636 2039 718 2106 γονεῖς
742 2033 813 2110 αύτῷ
836 2033 991 2104 τελευτῆσαι

157 2128 183 2171 2⁰
211 2117 319 2190 συνέύη,
340 2118 522 2194 βασιλεύοντος
531 2119 558 2175 έν
569 2119 654 2197 Τροία
664 2117 789 2197 Πριάμου
800 2119 907 2177 κάθοδον
919 2121 990 2201 αύτῷ

212 2208 319 2277 δοθῆναι
332 2206 538 2285 διαπράττεται,
549 2205 594 2264 καὶ
609 2205 789 2284 συνδιενέγκας
807 2207 852 2264 τὸν
867 2209 930 2287 πρὸς
945 2210 989 2270 Ἀ-

209 2292 299 2372 χαιοῦς
309 2295 423 2369 πόλεμον
438 2293 613 2372 ἁλισκομένης
622 2298 669 2365 τῆς
677 2295 778 2360 πολεως
788 2295 900 2354 ἀπέπλει
912 2297 990 2357 πάλιν

211 2386 247 2449 εἰς
259 2383 396 2454 Σικελίαν,
413 2382 459 2440 σῦν
476 2382 585 2464 Ἐλύμῳ
594 2383 771 2460 ποιησάμενος
787 2383 834 2455 τὴν
857 2384 941 2463 φυγὴν
962 2389 989 2444 ἐν

209 2471 279 2547 τρισί
289 2477 391 2541 ναυσὶν,
401 2470 431 2535 δς
438 2469 571 2551 Ἀχιλλεύς
585 2471 664 2550 ἔχων,
673 2471 716 2530 dre
726 2471 772 2537 τδις
783 2473 911 2550 Τρωάδας
920 2475 990 2544 llat-

171 2582 183 2619 τ’.
210 2564 266 2628 ζετο
279 2560 377 2634 πόλεις,
394 2557 504 2637 ἕρμασιν
521 2561 626 2638 θράλοις
639 2559 830 2639 περιπεσούσας
845 2562 988 2623 οῖπέύαλεν.

213 2647 352 2725 Ἰἰντυχὼν
373 2648 404 2719 δὴ
421 2649 474 2714 τοῖς
490 2648 635 2726 εἰρημένοις
654 2651 779 2728 ἀνδράσιν
795 2652 900 2715 Αἰνείας
914 2653 989 2728 ριλο-

212 2734 346 2817 ρρονεῖταί
366 2739 390 2794 τ’
411 2737 504 2803 αὐτούς
520 2736 565 2794 καὶ
594 2739 819 2807 κατασκευάζεται
837 2741 924 2804 αὐτοῖς
939 2740 990 2798 πό-

208 2826 276 2900 λεις,
306 2825 437 2902 Αἴγεσταν
465 2826 509 2883 καὶ
538 2821 649 2900 Ἔλυμα
673 2823 717 2884 καί
744 2849 802 2883 τινα
825 2827 869 2883 καὶ
896 2835 989 2906 μοῖραν

208 2916 255 2983 τῆς
271 2917 364 2971 ἑαυτοῦ
385 2922 509 2992 στρατιᾶς
532 2915 558 2969 ἐν
582 2922 635 2978 τοῖς
658 2916 819 2988 πολίσμασιν
847 2916 988 2973 ὑπολείπε-

208 3024 269 3071 ται,
290 3005 325 3067 ὡς
349 2999 396 3075 μέν
418 3000 470 3076 ἐγὼ
496 3001 593 3068 εἰκάζοι
610 2999 703 3077 γνώμῃ
726 3002 836 3079 ἑκουσίῳ
851 3003 988 3081 χρησάμε·

209 3112 261 3160 νος,
284 3087 327 3145 ’ίνα
354 3089 409 3153 τοῖς
427 3088 477 3146 bod
500 3090 628 3164 καμάτων
651 3089 871 3168 βαρυνομένοιςῆ
900 3090 986 3158 άλλως

208 3176 325 3256 θαλάττῃ
359 3175 512 3256 ἀχθομένοις
545 3176 706 3243 ἀναπαύσεις
728 3176 839 3253 γίνοιντο
863 3180 990 3259 ἀσραλεῖς

208 3266 253 3325 καί
277 3265 446 3344 καταγωγαί,
469 3269 504 3333 ὡς
524 3265 553 3324 δέ
574 3289 641 3333 τινες
654 3265 781 3346 γράρουσι
795 3272 841 3325 τοῦ
867 3275 989 3328 ναυτικοῦ

208 3352 361 3428 μειωθέντος
391 3355 462 3434 αύτῷ
491 3352 534 3411 διδ
571 3353 618 3424 τὴν
655 3354 802 3431 ἔμπρησιν,
835 3354 868 3427 ἥν
897 3355 989 3426 ἐποιή-

168 3462 176 3471 ’
208 3467 288 3503 σαντο
299 3447 352 3502 τῶν
366 3448 496 3521 γυναικῶν
513 3465 581 3509 τινες
597 3443 739 3520 ἀχθόμεναι
768 3446 800 3521 τῇ
828 3442 928 3523 πλάνῃ,
945 3444 989 3503 τὸν

207 3533 293 3591 οὐκέτι
315 3531 458 3610 δυνάμενον
478 3532 606 3609 συμπλεῖν
618 3532 696 3610 ὄχλον
711 3534 741 3590 έν.
756 3533 808 3589 τῶν
824 3554 990 3590 κατακεκαυ-

207 3620 291 3696 μένων
307 3623 371 3678 νεῶν
388 3621 489 3701 ἀνάγκῃ
501 3619 664 3680 καταλιπών.

246 3708 323 3768 Llll.
340 3710 480 3790 Τεκμήρια
492 3708 520 3767 δὲ
534 3713 580 3780 τῆς
595 3711 630 3774 εἰς
645 3707 879 3773 ΣικελοδςΑἰνείου
901 3709 987 3767 τεκαὶ

206 3797 307 3875 Τρώων
323 3798 432 3877 ἀφίξεως
446 3795 531 3856 πολλδι
552 3798 599 3873 μὲν
614 3797 659 3856 καί
674 3799 758 3872 ἄλλα,
774 3798 987 3876 περιφανέστατα

210 3883 237 3941 δὲ
261 3891 307 3956 τῆς
321 3887 455 3951 Αἰνειάδος
469 3884 619 3965 Ἀρροδίτης
638 3883 753 3961 όβωμδς
777 3885 820 3942 ἐπὶ
834 3889 867 3964 τῇ
886 3889 986 3964 κορυρῇ

209 3978 255 4031 τοῦ
278 3973 396 4050 Ἐλύμου
412 3974 545 4054 ἱδρυμένος
569 3974 613 4030 καὶ
632 3973 700 4050 ἱερὸν
716 3973 821 4032 Αἰνείου
849 3973 986 4050 ἱδρυμένον

208 4063 234 4119 έν
249 4064 381 4141 Αἰγέστῃ·
400 4062 442 4120 τδν
459 4062 505 4137 μέν
523 4065 604 4120 αὐτοῦ
620 4060 865 4122 κατασκευάσαντος
881 4061 985 4121 Αἰνείου

136 4188 140 4197 =
206 4154 239 4229 τῦ,
253 4150 333 4230 μητρὶ
342 4195 353 4227 ,
363 4152 392 4208 τὸ
405 4153 426 4209 δ’
439 4154 507 4228 ἱερὸν
518 4155 570 4210 τῶν
582 4149 787 4231 ύπολειρθέντων
797 4147 849 4207 ἀπὸ
863 4153 909 4210 τοῦ
922 4151 984 4208 στό-

206 4241 300 4319 λουτῇ
327 4242 419 4320 μνιίμγΙ
441 4247 486 4300 τοῦ
513 4242 644 4306 σώσαντος
667 4248 734 4317 σφᾶς
761 4236 883 4312 ἀνάθημα
904 4260 984 4309 ποιη-

151 4358 177 4392 ,τ
207 4329 338 4405 σαμένων.
381 4330 421 4388 Τὸ
448 4330 495 4406 μὲν
525 4331 557 4399 δὴ
583 4328 630 4387 σῦν
654 4326 765 4406 'lilium
791 4324 835 4384 καί
864 4326 985 4404 Αἰγέστῳ

206 4419 232 4477 Τ
234 4417 327 4496 ρωικδν
347 4420 374 4476 έν
387 4417 486 4484 τούτοις
505 4419 643 4492 κατέμεινε
660 4424 712 4482 τοῖς
733 4413 856 4495 χωρίοις,
877 4414 922 4471 καί
936 4416 984 4472 διε·

205 4507 314 4565 τέλεσαν
344 4505 460 4581 Ἔλυμοι
486 4505 651 4580 καλούμενοι·
695 4503 805 4583 πρόσθεν
835 4502 886 4583 γάρ
916 4502 983 4561 κατδι

205 4596 253 4667 τὴν
271 4597 377 4663 ἀξίωσιν
390 4589 519 4670 ΙἜλυμος
544 4594 596 4652 ἀπὸ
615 4599 660 4651 τοῦ
675 4595 813 4671 βασιλικοῦ
830 4595 919 4667 γένους
933 4591 980 4660 ιλν,

207 4684 252 4766 ἄρ’
268 4676 298 4742 οῦ
313 4684 360 4756 τὴν
378 4686 471 4754 κλῆσιν
486 4683 509 4741 οἱ
524 4682 674 4757 σύμπαντες
689 4682 792 4741 έλαύον.
835 4686 870 4741 oi
890 4680 917 4738 δί
935 4679 981 4737 σῦν

205 4778 244 4854 τῷ
256 4772 346 4853 Αἰνεία
365 4774 488 4838 πλέοντες
507 4770 559 4829 ἀπὸ
573 4769 695 4836 Σικελίας
722 4770 766 4829 διά
786 4776 831 4828 τοῦ
849 4772 981 4848 Τυρρηνι-

206 4867 254 4918 κοῦ
277 4862 407 4938 πελάγους
431 4862 536 4938 πρῶτον
556 4856 602 4934 μέν
618 4857 771 4934 ὡρμίσαντο
795 4861 841 4927 τῆς
865 4855 983 4921 Ἰταλίας

206 4949 274 5007 κατδ
297 4950 392 5009 λιυένα
412 4949 456 5009 τὸν
484 4946 661 5025 Παλίνουρον,
684 4945 710 5013 ὃς
732 4949 776 5026 ἀρ’
795 4944 849 5010 ένδς
868 4946 919 5000 τῶν
934 4945 981 5003 Αἰ·

206 5038 276 5096 νείου
292 5039 457 5116 κυύερνητῶν
478 5034 681 5107 τελευτήσαντος
704 5036 792 5095 αὐτόθι
815 5031 912 5102 ταύτης
936 5056 981 5090 τυ·

203 5126 262 5218 χεῖν
282 5127 387 5202 λέγεται
416 5133 462 5200 τῆς
485 5124 639 5204 ὀνομασίας.
680 5121 881 5200 'brancas-lep
896 5142 979 5200 προσ-

736 306 905 369 DlOliYSll
927 309 1306 375 llALlCARNASSENSlS

1048 451 1096 513 cti,
1122 453 1193 504 simul
1217 456 1292 506 etiam
1321 471 1369 507 non
1394 459 1479 509 multis
1505 461 1688 524 impedimentis
1713 467 1825 530 maroti,

1048 543 1117 594 brevi
1143 545 1166 595 in
1189 546 1297 598 siciliam
1322 553 1498 612 pervenerant,
1516 556 1541 602 ot
1560 552 1626 603 circa
1644 555 1745 606 barrium
1768 560 1824 608 cri-

1047 634 1137 686 misum
1153 636 1225 688 sedes
1250 642 1381 702 posuerant
1396 640 1421 690 in
1439 655 1498 705 agro
1519 642 1707 707 Sicanorum‚a
1729 648 1822 710 quibos

1047 728 1099 793 agri
1113 732 1211 793 purtem
1231 733 1309 783 amice
1334 738 1488 799 acceperant,
1512 742 1612 801 propter
1632 741 1722 803 AEgesti
1734 755 1825 807 cogna-

1047 820 1152 883 tionem,
1175 826 1220 886 qui
1238 822 1382 875 huiusmodi
1399 827 1505 889 quodam
1520 840 1578 879 casu
1599 828 1624 879 ln
1652 832 1733 882 Sicilia
1752 838 1826 884 natus

1046 917 1073 967 et
1086 916 1206 966 educatus
1225 917 1307 967 luerat
1322 919 1439 982 :quidam
1455 918 1486 970 de
1505 920 1569 971 illius
1589 922 1725 975 maioribus
1742 926 1779 975 vir
1792 927 1824 976 il-

1047 1005 1140 1068 lustris,
1154 1000 1242 1069 genere
1255 1008 1390 1068 Troianus,
1408 1010 1433 1064 lu
1447 1010 1619 1063 Laomedontis
1633 1014 1716 1064 odium
1731 1015 1824 1071 incidit.

1046 1110 1153 1160 eumque
1179 1112 1222 1149 ros
1243 1099 1324 1149 nescio
1343 1114 1392 1164 qua
1405 1101 1438 1151 de
1453 1114 1527 1151 causa
1547 1107 1687 1167 correptum
1703 1102 1826 1156 interfecit

1046 1203 1101 1239 cum
1123 1189 1239 1240 universa
1263 1191 1340 1255 ipsius
1365 1193 1474 1242 mascula
1491 1195 1619 1259 progenie,
1636 1205 1688 1259 prta¹
1705 1201 1773 1247 melu
1795 1213 1825 1249 nc

1045 1280 1106 1343 quid
1129 1280 1187 1330 rurali
1205 1282 1236 1331 ab
1253 1284 1314 1346 ipsis
1330 1285 1473 1347 acciperet:
1500 1284 1564 1335 silias
1586 1299 1653 1346 vero,
1670 1301 1725 1349 quie
1739 1288 1822 1339 adbuc

1045 1377 1114 1424 erant
1130 1373 1244 1438 virgines,
1260 1375 1372 1425 occidere
1388 1375 1530 1427 indecorum
1551 1379 1660 1441 putavit;
1675 1380 1725 1441 pati
1740 1384 1824 1431 autem

1045 1476 1086 1513 eas
1108 1477 1165 1513 oum
1181 1464 1291 1515 Troianis
1306 1466 1464 1516 matrimonio
1481 1465 1595 1531 coniungi
1616 1467 1717 1519 minime
1730 1472 1822 1521 lutum.

1044 1553 1096 1604 lure
1110 1553 1236 1605 iudicarit.
1270 1557 1357 1619 ltaque
1367 1556 1433 1621 ipsas
1449 1552 1517 1608 dedit
1530 1559 1716 1619 mercatoribus,
1733 1559 1824 1623 quibus

1044 1645 1174 1710 imperauit
1200 1649 1228 1695 ut
1256 1661 1299 1697 eas
1325 1647 1348 1696 ln
1370 1648 1545 1698 rernotissimas
1577 1648 1687 1720 regiones
1712 1650 1821 1700 abduce-

1044 1750 1108 1787 rem.
1142 1740 1205 1787 curn
1225 1738 1264 1786 lris
1281 1737 1431 1789 abeuntibus
1455 1739 1543 1789 nobilis
1562 1739 1662 1802 quidam
1677 1739 1820 1789 adolescens

1044 1829 1183 1891 nauigauit,
1201 1828 1302 1878 alterius
1326 1830 1414 1893 puellae
1435 1843 1518 1881 amore
1545 1832 1645 1894 captus,
1667 1830 1822 1894 puellamque

1044 1919 1068 1968 in
1087 1919 1194 1969 Siciliam
1215 1919 1324 1969 delatam
1342 1920 1414 1971 (luxit
1434 1933 1536 1970 uxorem
1556 1938 1561 1968 :
1580 1926 1606 1971 ct
1625 1921 1685 1970 dum
1706 1921 1768 1971 inter
1783 1921 1820 1970 si·

1044 2014 1112 2063 culos
1134 2015 1240 2077 degunt,
1263 2018 1336 2064 natus
1360 2019 1398 2064 est
1420 2014 1455 2064 eia
1481 2014 1558 2073 lilius,
1576 2016 1674 2065 nomine
1700 2017 1813 2079 AEgertus

1045 2103 1093 2163 Qui
1118 2117 1176 2153 cum
1193 2117 1275 2153 mores
1300 2107 1325 2153 et
1348 2104 1455 2167 linguam
1480 2101 1649 2166 indigenarum
1677 2102 1819 2157 didicisset.

1043 2198 1100 2260 post
1122 2199 1250 2260 parentum
1271 2198 1389 2255 mortem,
1406 2207 1457 2258 quo
1480 2196 1590 2256 tempore
1612 2194 1724 2243 Priamus
1743 2194 1822 2242 Troiae

1044 2287 1176 2351 regnabat,
1204 2287 1238 2337 cb
1270 2299 1300 2337 eo
1330 2285 1435 2335 reditum
1469 2288 1499 2335 ιἰι
1521 2286 1644 2349 putrium
1672 2285 1820 2347 impetrarit.

1043 2380 1157 2441 cumque
1170 2377 1264 2427 bellum
1280 2380 1368 2425 contra
1379 2375 1481 2426 Graecos
1491 2377 1588 2437 gestura
1606 2372 1746 2432 tolerasset,
1759 2372 1822 2423 urbe

1044 2470 1115 2529 capta
1141 2466 1166 2514 in
1189 2465 1296 2514 Siciliam
1319 2462 1393 2514 rediit
1409 2476 1459 2513 una
1473 2476 1530 2512 cum
1550 2461 1636 2525 Elymo
1651 2461 1743 2523 lugiens
1763 2474 1821 2510 cum

1044 2555 1123 2604 tribus
1135 2554 1256 2614 nauibus,
1276 2567 1338 2615 quara
1354 2549 1461 2601 achilles
1479 2564 1535 2600 cum
1558 2549 1674 2600 Troianas
1691 2550 1768 2600 urbes
1781 2561 1821 2612 po

1044 2643 1170 2705 putaretur
1182 2641 1291 2704 seopulis
1307 2642 1331 2689 in
1344 2640 1405 2690 mari
1414 2638 1548 2689 latentibus
1563 2641 1683 2688 lraerentes
1696 2638 1820 2686 amiserat.

1045 2731 1131 2777 :Encas
1143 2727 1218 2790 igitur
1234 2728 1258 2777 in
1275 2726 1321 2777 bos
1336 2726 1430 2777 virosa
1446 2740 1486 2776 me
1496 2725 1634 2775 nominatos
1654 2725 1762 2775 incidens
1777 2738 1821 2774 co·

1045 2818 1173 2868 mitesces
1196 2817 1308 2879 excepit,
1330 2819 1355 2865 et
1369 2816 1442 2865 urbes
1467 2815 1504 2865 eis
1522 2813 1632 2864 condidit
1648 2816 1771 2876 AEgesbrm
1794 2815 1820 2863 et

1045 2907 1127 2969 Elyma
1143 2924 1149 2955 ι
1163 2904 1297 2968 quinetiam
1319 2904 1443 2966 quandam
1464 2916 1567 2953 suarum
1585 2901 1710 2965 copiarum
1727 2905 1820 2964 partem

1044 2996 1068 3044 in
1084 2994 1123 3044 bis
1144 2992 1247 3042 urbibus
1271 2993 1378 3056 reliquit.
1413 2992 1492 3052 Quod,
1505 2996 1533 3041 ut
1552 3004 1597 3054 ego
1611 2990 1717 3043 conicio.
1734 2991 1821 3052 sponte

1044 3083 1109 3139 lecit,
1117 3085 1146 3131 ut
1157 3080 1253 3144 illisqui
1264 3080 1389 3130 laboribus
1402 3083 1571 3143 grauarentur,
1581 3078 1620 3128 rel
1629 3077 1677 3128 alia
1688 3078 1721 3127 de
1731 3092 1819 3127 caussa

1047 3168 1176 3219 rnarltimae
1190 3167 1350 3229 navigationis
1373 3167 1496 3231 rrrolestias
1516 3166 1599 3230 iniquo
1616 3167 1698 3215 animo
1714 3166 1819 3227 ferrent,

1043 3261 1107 3307 essct
1120 3256 1261 3320 quiescendi
1282 3254 1350 3305 locus
1362 3259 1470 3319 tutaeque
1493 3254 1572 3304 scales.
1605 3252 1664 3314 Sed,
1679 3259 1708 3303 ut
1720 3254 1820 3317 quidam

1043 3346 1165 3406 scribunt,
1186 3343 1235 3394 boc
1248 3345 1311 3408 fecit
1328 3344 1360 3393 ob
1379 3345 1465 3393 classis
1484 3344 1665 3403 detrimentum,
1677 3345 1745 3406 qnod
1763 3357 1819 3392 mu·

1043 3435 1113 3484 lieres
1126 3433 1240 3498 quaedam
1261 3436 1360 3496 propter
1381 3445 1492 3482 errorum
1514 3433 1614 3481 taedium
1636 3443 1711 3480 naves
1727 3430 1821 3494 aliquot

1042 3523 1231 3574 incendissent:
1255 3534 1331 3593 quare
1352 3521 1450 3570 turbam
1469 3534 1500 3569 cr
1521 3519 1625 3570 incensis
1645 3518 1750 3567 nauibus
1762 3532 1819 3568 cum

1043 3611 1156 3675 navigare
1165 3625 1213 3661 non
1223 3614 1322 3674 posset,
1337 3608 1481 3658 necessitate
1499 3612 1598 3657 coactus
1610 3605 1654 3657 laic
1665 3605 1770 3669 reliquit.

1072 3723 1137 3772 Llll.
1163 3722 1223 3770 Sunt
1245 3723 1327 3768 autern
1344 3722 1368 3767 ot
1390 3716 1466 3766 mulla
1487 3715 1534 3765 alia
1556 3718 1638 3766 AEneas
1661 3720 1686 3766 et
1707 3716 1820 3767 Troiano

1042 3844 1096 3880 rum
1117 3830 1146 3878 ad
1164 3828 1256 3877 Siculos
1277 3826 1397 3875 aduentus
1412 3825 1498 3874 indicia
1517 3840 1523 3873 :
1539 3823 1733 3875 manifestissima
1745 3838 1817 3875 vero.

1041 3940 1144 3990 veneris
1166 3938 1281 3988 AEnoaalis
1306 3951 1349 3985 ara
1378 3936 1402 3985 iu
1431 3935 1510 3997 Elymi
1534 3935 1626 3984 vertice
1648 3934 1765 3991 lundata,
1794 3940 1820 3985 et

1040 4050 1122 4097 AEneae
1148 4046 1265 4110 templum
1286 4047 1391 4107 AEgestao
1409 4042 1542 4093 conditum.
1573 4043 1653 4104 Atque
1674 4054 1742 4091 aram
1761 4041 1818 4103 qui·

1039 4162 1094 4211 dean
1115 4162 1202 4209 lllneas
1216 4157 1289 4207 rrratri
1310 4157 1403 4215 erexit,
1419 4153 1537 4217 templum
1555 4165 1615 4202 uero
1631 4152 1673 4216 qui
1688 4165 1719 4201 eu
1741 4152 1819 4202 classe

1009 4247 1013 4330 ί
1039 4273 1110 4319 urant
1140 4267 1217 4318 relicti
1248 4267 1273 4315 iu
1301 4264 1435 4314 servatoris
1465 4263 1504 4312 sui
1530 4261 1674 4311 memoriam
1703 4258 1819 4311 condide-

1039 4382 1108 4435 runt,
1132 4377 1204 4438 eiquo
1227 4373 1348 4423 dicarunt.
1390 4371 1486 4421 Troiani
1507 4371 1579 4432 igitur
1595 4367 1639 4430 qui
1653 4381 1709 4417 cum
1733 4367 1819 4428 Elymo

1038 4496 1061 4540 et
1074 4491 1170 4553 AEgcslo
1190 4489 1342 4551 profugerant
1363 4485 1388 4533 in
1401 4485 1440 4533 lais
1456 4483 1517 4533 locis
1535 4484 1719 4539 remanserunt,
1730 4482 1756 4529 ci
1773 4478 1817 4528 de·

1039 4599 1094 4647 binc
1113 4597 1189 4659 Elymi
1211 4598 1268 4645 suut
1288 4594 1408 4658 appellati.
1440 4593 1543 4655 Elymus
1559 4590 1623 4640 enim
1641 4589 1708 4651 quod
1729 4600 1817 4649 genere

1038 4705 1103 4768 regio
1116 4707 1185 4753 natus
1206 4706 1259 4752 crat
1278 4701 1394 4763 dignitate
1406 4699 1556 4764 prestabat,
1572 4700 1597 4746 ct
1614 4695 1647 4745 ab
1665 4708 1695 4745 eo
1706 4694 1816 4744 universi

1038 4823 1124 4859 nomen
1139 4808 1296 4870 acceperunt.
1333 4804 1380 4860 Qui
1397 4815 1455 4851 vero
1479 4815 1535 4849 cum
1560 4803 1636 4850 ,buca
1655 4798 1816 4861 navigabant,

1036 4927 1067 4964 ex
1080 4911 1160 4961 Sicilia
1176 4924 1219 4975 per
1235 4923 1303 4958 mare
1326 4906 1480 4970 'tyrrhenum
1497 4904 1612 4967 proiecti,
1632 4903 1739 4967 primum
1757 4903 1814 4965 qui·

1038 5017 1093 5068 dem
1122 5016 1267 5083 appulerunt
1293 5014 1325 5063 ael
1350 5013 1427 5062 ltaliae
1445 5013 1542 5074 portrrm
1567 5010 1722 5067 Palinurum,
1738 5009 1816 5073 qula

1038 5123 1143 5187 qrrodum
1157 5124 1238 5172 AEncre
1252 5119 1412 5184 garbernatore
1423 5116 1457 5166 ibi
1473 5115 1588 5165 deiuncto
1601 5129 1689 5165 nornen
1711 5115 1759 5164 boc
1770 5127 1815 5163 ac·
