3772 5828
186 366 245 425 Ηθ

184 495 265 578 ᾤοντο
281 498 333 554 δεῖν
351 497 538 573 ἀποδειχθῆναι
552 494 596 553 τδν
611 494 832 574 ἐπιτροπεύσοντα
848 497 896 568 τὴν
909 498 957 557 πό·

183 586 240 656 λιν,
260 587 284 642 οἱ
301 582 322 639 δ’
339 586 368 642 ἐκ
386 585 438 643 τῶν
452 582 559 662 ὕστερον
584 582 807 661 ἐπεισαχθέντων,
833 583 876 651 οὒς
895 609 958 643 νεω·

183 673 270 750 τέρους
282 671 402 730 ἐκάλουν.

223 759 324 818 LVlil.
348 756 512 834 Ἕλκομένης
526 756 547 814 δ’
567 755 610 815 ἐπὶ
624 756 690 815 πολὺ
713 763 760 829 τῆς
785 761 957 838 φιλονεικίας,

143 874 156 912 a
182 850 352 914 τελευτῶντες
373 846 418 903 ἐπὶ
440 846 524 926 τούτῳ
547 845 694 916 συνέδησαν
718 851 755 926 τῷ
771 849 875 928 δικαίῳ,
892 850 959 909 ὥστε

183 938 252 994 δυοῖν
264 935 387 1013 θάτερον,
412 934 429 1006 ἢ
451 934 511 1001 τοὺς
533 933 723 1013 πρεσδυτέρους
741 937 881 1011 βουλευτὰς
896 941 961 997 ἀπο-

184 1026 262 1091 δεῖξαι
285 1021 395 1101 βασιλέα
424 1026 496 1104 σφῶν
518 1020 565 1098 μὲν
595 1023 680 1080 αὐτῶν
709 1023 826 1099 μηδένα,
858 1029 910 1084 τῶν
936 1027 958 1084 δ’

183 1113 268 1184 ἀλλων
288 1111 315 1170 ὃν
332 1111 362 1170 διν
382 1111 592 1181 ἐπιτηδειότατον
609 1100 675 1168 εἱναι
693 1110 853 1185 νομίσωσιν,
869 1113 886 1184 ἢ
902 1113 961 1180 τοὺς

181 1200 320 1281 νεωτέρους
341 1201 419 1259 ταύτὸ
437 1204 544 1271 ποιῆσαι
564 1204 651 1258 τοῦτο,
707 1200 835 1280 Δέχονται
856 1201 903 1272 τὴν
918 1200 956 1259 αἱ·

130 1302 155 1337 ¹⁰
184 1314 253 1366 ρεσιν
277 1293 301 1348 οἱ
327 1288 506 1370 πρεσύύτεροι,
532 1287 578 1347 καί
611 1288 687 1347 πόλλ’
707 1292 750 1348 ἐπὶ
776 1295 848 1371 σρῶν
874 1293 960 1349 αὐτῶν

184 1376 387 1455 βουλευσόμενοι
410 1374 469 1433 τόδ’
486 1375 615 1454 ἔγνωσαν·
642 1375 732 1448 ἐπειδὴ
745 1378 792 1446 τῆς
820 1377 960 1453 ἡγεμονίας

183 1465 254 1522 αὐτοὶ
283 1462 352 1521 κατδι
377 1461 423 1527 τὰς
447 1461 576 1532 συνθήκας
599 1461 790 1533 ἀπηλαύνοντο,
821 1464 887 1538 μηδὲ
908 1468 960 1523 τῶν

183 1551 402 1610 ἐπιίουλευόντων
423 1551 514 1626 μηδενί
538 1555 688 1628 προσθεῖναι
710 1550 757 1615 τὴν
775 1552 872 1630 ἀρχὴν,
899 1553 959 1610 ἀλλ’

183 1640 295 1697 ἐπακτόν
309 1638 356 1697 τιν’
376 1638 467 1706 ἔξωθεν
484 1639 564 1716 ἄνδρα
584 1637 630 1696 καὶ
645 1640 708 1714 μηδ’
727 1642 859 1718 ὁποτέροις
880 1663 960 1718 προσ-

132 1753 155 1790 rs
184 1726 557 1803 caeterorummetum·
582 1726 723 1804 ἐξαιρεθείη
751 1727 781 1785 τὸ
807 1729 957 1797 στασιάζον,

184 1817 327 1895 ἐξευρόντες
352 1815 488 1884 ἀποδεῖξαι
503 1815 624 1892 βασιλέα.
667 1817 761 1874 Ταῦτα
779 1817 958 1894 βουλευσέμι·

184 1928 224 1964 νοι
240 1903 452 1984 προύχειρίσαντ’
470 1901 552 1981 ἄνδρα
579 1901 669 1977 γένους
690 1901 737 1977 μέν
755 1908 799 1962 τοῦ
824 1903 959 1977 Σαύίνων,

185 1989 241 2051 ullu
266 1991 293 2051 δέ
321 1991 472 2067 Πομπιλίου
498 1993 663 2066 Πόμπωνος,
692 1991 783 2067 ἀνδρὸς
807 1992 959 2069 ἐπιφανοῦς,

183 2080 246 2139 κατ’
260 2080 343 2157 όνομα
358 2081 468 2156 Νόμαν·
485 2076 548 2159 [χρὴ
569 2080 595 2135 δὲ
611 2079 657 2150 τὴν
680 2078 801 2158 δευτέραν
824 2078 959 2149 συλλαδλν

130 2193 159 2233 το
185 2170 347 2237 ἐκτείνοντας
366 2173 515 2248 βαρυτονεῖν
526 2166 547 2247 ψ
569 2167 673 2237 ἡλικίας
688 2191 716 2224 τε
735 2171 781 2237 τῆς
795 2169 960 2246 ρρσνιμιυτό-

183 2281 231 2327 της
245 2256 323 2317 ὄντα·
347 2257 613 2335 τετταρακονταετίας
636 2255 687 2333 γδιρ
713 2260 742 2313 οὐ
765 2256 833 2314 πολὺ
852 2259 959 2335 ἀπεῖχε·

183 2345 228 2403 καί
253 2344 356 2412 ἀξιώσει
378 2349 479 2425 μορρῇς
505 2344 652 2421 βασιλικόν.
695 2334 747 2403 Ἦν
773 2344 795 2405 δ’
819 2345 959 2404 αὐτοῦκαὶ

184 2432 257 2498 κλέος
278 2432 399 2507 μέγιστον
426 2437 454 2491 ού
477 2432 550 2510 παρδι
573 2432 699 2509 Κυρίταις
721 2433 812 2506 μόνον,
832 2432 959 2490 ἀλλὰκαὶ

183 2519 256 2599 παρὰ
280 2528 333 2587 τοῖς
351 2521 490 2599 περιοίκοις
506 2522 548 2580 ἐπὶ
573 2521 661 2600 eopia.
704 2519 753 2585 Ὡς
770 2520 797 2579 δέ
812 2521 883 2578 τοῦτ’
899 2522 957 2579 ἔδο-

130 2631 156 2668 sa
185 2609 225 2677 ξεν
240 2609 341 2681 αὐτοῖς,
356 2610 515 2685 συγκαλοῦσι
533 2610 563 2667 τδ
577 2610 674 2676 πλῆθος
689 2612 724 2675 εἰς
741 2610 899 2682 ἐκκλησίαν,
914 2611 959 2669 καί

184 2695 322 2774 παρελθὼν
343 2695 369 2762 ἐξ
391 2699 475 2753 αὐτῶν
501 2700 514 2753 θ
534 2696 592 2755 τότε
617 2695 805 2771 μεσοόασιλεὺς
820 2688 904 2770 εἶπεν,
921 2696 960 2755 ότι

184 2789 256 2863 κοινῇ
272 2783 347 2852 δόξαν
370 2782 455 2843 ἅπασι
477 2792 529 2849 τοῖς
548 2785 698 2860 βουλευταῖς
721 2783 858 2862 βασιλικὴν
879 2809 958 2844 κατα-

183 2873 330 2945 στήσασθαι
343 2873 494 2943 πολιτείαν,
512 2872 599 2949 κύριος
622 2869 734 2949 γεγονὼς
754 2871 830 2936 αὐτὸς
846 2871 959 2950 διαγνώ-

183 2984 247 3028 σεως
272 2965 316 3019 τοῦ
341 2958 562 3039 παραληψομένου
585 2957 632 3028 τὴν
657 2959 753 3038 ἀρχὴν,
776 2957 888 3037 βασιλέα
913 2963 960 3030 τῆς

129 3069 156 3107 se
183 3052 284 3114 πόλεως
299 3050 410 3127 αἱρεῖται
423 3049 515 3121 Νόμαν
531 3048 693 3122 Πομπίλιον.
738 3048 792 3106 Καὶ
805 3048 871 3121 perd
883 3054 959 3107 τοῦτο

185 3137 348 3216 πρεσίευτάς
369 3136 505 3202 ἀποδείξας
535 3139 562 3192 ἐκ
583 3140 634 3195 τῶν
653 3134 798 3213 πατρικίων
821 3136 959 3195 ἀπέστειλε

182 3225 240 3292 τούς
262 3225 496 3305 παραληψομένους
517 3223 560 3280 τδν
582 3222 652 3301 ἄνδρ’
673 3221 716 3281 ἐπί
739 3223 786 3293 τὴν
808 3223 892 3302 ἀρχὴν
908 3227 958 3284 ε’νι-

182 3318 253 3394 αυτῷ
275 3314 354 3393 τρίτῳ
377 3318 422 3383 τῆς
443 3313 630 3384 ἑκκαιδεκάτης
645 3312 817 3387 ὀλυμπιάδος,
836 3314 868 3383 ἣν
884 3314 971 3372 ἐνίκα·

182 3405 288 3463 στοίδιον
309 3404 465 3481 Πυθαγόρας
480 3400 587 3461 Αάκων.

144 3508 170 3547 σε
223 3495 299 3554 llll.
323 3493 410 3568 Μέχρι
426 3490 472 3567 μὲν
493 3488 523 3561 δὴ
545 3489 642 3547 τούτοιν
666 3489 739 3547 οὐδὲν
755 3491 882 3549 ἀντειπεῖν
901 3491 957 3570 ἔχω

182 3581 247 3659 πρδς
271 3580 328 3644 τοὺς
354 3578 528 3646 ἐκδεδωκότας
545 3577 591 3648 τὴν
615 3576 676 3656 περὶ
697 3577 741 3635 τδν
762 3576 844 3658 ἄνδρα
867 3584 956 3638 τοῦτον

181 3670 308 3747 ἱστορίαν·
324 3671 350 3726 έν
371 3671 397 3728 δὲ
413 3674 466 3735 τοῖς
487 3667 544 3739 ἑξῆς
565 3668 655 3744 ἀπορῶ
676 3667 702 3725 τί
723 3689 786 3726 ποτε
800 3668 852 3747 χρὴ
866 3669 958 3747 λέγειν.

186 3761 285 3818 Πολλοὶ
306 3759 352 3834 μέν
368 3759 419 3837 γδιρ
434 3759 569 3839 ἔγραψαν,
585 3755 625 3816 ὅτι
640 3757 795 3837 Πυθαγόρου
811 3759 930 3835 μαθητὴς
946 3763 960 3816 θ

185 3847 279 3920 Νόμας
299 3844 409 3921 ἐγένετο,
439 3846 484 3903 καί
505 3848 564 3903 καθ’
580 3843 607 3902 δν
630 3844 723 3921 χρόνον
749 3844 799 3901 θπδ
825 3850 872 3915 τῆς
888 3845 959 3905 Ῥω-

129 3952 156 3989 so
187 3933 272 4009 μαίων
300 3934 399 3999 πόλευις
427 3935 570 4012 ἀπεδείχθη
600 3930 720 4009 βασιλεὺς
752 3933 898 4012 ριλοσοριῖιν
933 3938 958 3992 έν

187 4023 306 4099 Κρότωνι
333 4021 471 4100 διέτριόεν.
516 4020 551 4080 Ὁ
573 4018 600 4078 δέ
616 4018 709 4097 χρόνος
729 4023 777 4089 τῆς
803 4022 958 4099 Πυθαγόρου

178 4108 288 4191 τἡλικίας
306 4110 420 4187 μάχεται
443 4109 508 4187 πρὸς
531 4109 575 4167 τδν
599 4109 686 4185 λόγον.
728 4107 768 4166 Ol
790 4105 841 4185 γλρ
865 4108 960 4184 ὀλίγοις

186 4196 283 4267 ίτεσιν,
299 4197 366 4253 ἀλλὰ
381 4197 426 4253 καὶ
440 4198 563 4276 τέτταρσι
577 4203 677 4273 γενεαῖς
691 4194 764 4262 ὅλαις
783 4193 889 4274 θστερος
903 4195 960 4272 ἐγέ-

188 4307 248 4342 νετο
266 4285 421 4362 Πυθαγόρας
448 4285 537 4359 Νόμοι,
566 4288 600 4349 ὡς
623 4287 652 4341 ia
678 4285 731 4341 τῶν
753 4286 844 4340 κοινῶν
863 4305 960 4361 παρει-

130 4389 156 4426 aa
188 4373 309 4453 λήραμεν
324 4374 455 4450 ἱστοριῶν.
499 4371 535 4431 Ὁ
550 4370 662 4448 μένγάρ
683 4371 726 4428 ἐπὶ
745 4375 791 4442 τῆς
807 4371 960 4430 ἱκααιδεκά·

187 4483 233 4530 της
253 4461 284 4517 ὀλ
301 4459 411 4532 μπιοίδος
433 4459 564 4532 μεσούσης
588 4458 634 4529 τὴν
656 4457 798 4533 Ῥωμαίων
825 4459 959 4538 βασιλείαν

187 4546 340 4625 παρέλαόε,
368 4547 523 4626 Πυθαγόρας
550 4545 577 4604 δὲ
610 4544 677 4622 μετδι
706 4548 752 4616 τὴν
781 4547 960 4618 πεντηκοστὴν

186 4635 335 4709 ὀλυμπιάδα
366 4634 493 4712 διέτριύεν
524 4638 550 4692 ἐν
583 4633 695 4714 Ἰταλία.
748 4635 849 4695 Τούτου
874 4637 897 4694 δΙ
921 4637 959 4694 ἐτι

187 4726 273 4800 μεῖζον
297 4725 349 4802 ἔχω
370 4723 509 4800 τεκμήριον
534 4726 615 4781 εἰπεῖν
638 4723 703 4804 θπέρ
723 4730 768 4783 τοῦ
792 4725 829 4801 μὴ
850 4748 959 4805 συμφω-

130 4825 156 4863 iti
174 4863 175 4866 ,
188 4818 239 4870 νεῖν
254 4811 312 4878 τοδς
324 4812 433 4893 χρόνους
446 4821 503 4878 ταῖς
524 4813 747 4891 παραδεδομέναις
766 4813 832 4890 ὑπέρ
846 4818 891 4870 τοῦ
906 4815 958 4870 οἱν-

189 4901 246 4978 δρδς
262 4901 401 4980 ἱστορίαις,
419 4900 458 4958 ὅτι
480 4904 539 4959 καθ’
560 4902 588 4958 θν
603 4901 722 4979 χρόνονθ
743 4903 835 4977 Νόμας
856 4900 899 4957 ἐπὶ
911 4897 959 4968 τὴν

180 4998 321 5072 βασιλείαν
339 4999 450 5057 ἐκαλεῖθ
466 4999 517 5056 tad
532 4995 688 5073 Ῥωμαίων,
714 4999 787 5058 οὔπω
800 4998 875 5062 πόλις
894 4987 925 5066 ἦν
941 4999 958 5064 ό,

188 5083 309 5160 Κρότων·
325 5088 446 5163 τέτταρσι
460 5087 511 5167 γὰρ
526 5089 594 5153 ὅλοις
608 5085 714 5163 ὕστερον
737 5084 849 5154 ἐτεσινέ,
868 5084 960 5157 Νόμαν

187 5170 263 5247 ἄρξαι
277 5170 418 5246 Ῥωμαίων
445 5175 585 5243 Μύσκελος
606 5168 687 5240 αὐτὴν
716 5171 827 5243 ἐκτισεν,
848 5171 959 5247 ἐνιαυτῷ

704 364 870 426 DIONYSlI
896 367 1273 438 Hullcuntlassllnffls

1013 510 1052 560 atil
1067 526 1125 562 vero
1136 528 1166 564 ex
1179 516 1209 564 ils
1226 516 1267 580 qul
1279 522 1366 580 postea
1381 520 1404 568 tu
1417 527 1530 575 senatum
1544 526 1661 592 adscripti
1678 530 1791 595 inerant,

1013 613 1075 662 quos
1088 615 1166 652 nevos
1178 604 1340 668 appellabant.

1044 781 1128 832 LVlll.
1147 782 1195 833 sed
1213 790 1269 847 post
1285 787 1380 852 longam
1398 793 1595 851 contentionem,
1613 795 1711 847 landem
1727 813 1791 850 eou-

1014 877 1080 926 renit
1092 877 1155 928 inter
1175 893 1218 930 eos
1229 881 1269 932 his
1284 884 1465 936 conditionibus
1480 903 1486 934 ι
1503 891 1531 936 ut
1543 887 1689 942 altenrtrum
1703 895 1789 957 tieret,

1015 977 1044 1025 ut
1063 979 1190 1031 ritualium
1208 984 1248 1033 vel
1267 985 1362 1036 veteres
1376 991 1503 1036 senatores
1525 1000 1607 1050 regem
1628 1003 1676 1041 uon
1696 993 1727 1045 de
1746 1009 1791 1044 suo

1014 1073 1112 1136 quidem
1134 1091 1234 1129 numero
1256 1087 1382 1146 crearent,
1409 1083 1453 1134 sed
1477 1097 1507 1133 ex
1531 1083 1659 1150 aliisquem
1681 1092 1791 1142 maxime

1015 1168 1129 1222 idoneum
1149 1172 1297 1237 iudicarent;
1311 1177 1350 1227 vel
1364 1178 1421 1227 nori
1440 1177 1489 1228 hoe
1503 1178 1570 1230 idem
1587 1180 1703 1233 tacerent.
1738 1187 1789 1236 Ve-

1015 1269 1081 1318 teres
1102 1273 1226 1320 senatores
1249 1272 1397 1325 creationem
1421 1278 1584 1339 acceperunt,
1611 1280 1636 1327 et
1658 1284 1715 1342 post
1733 1281 1786 1330 lon-

1013 1376 1069 1428 gam
1085 1364 1284 1418 deliberationem
1307 1368 1362 1420 hue
1377 1369 1539 1423 deererenrnt
1559 1374 1678 1438 :maudo
1696 1376 1742 1439 ipsi
1759 1390 1790 1428 ex

1013 1456 1217 1508 ‹auditionibnsa
1228 1472 1303 1521 reguo
1314 1467 1472 1522 arcerentur,
1482 1462 1542 1512 nulli
1551 1476 1637 1514 eorum
1650 1464 1694 1528 qul
1707 1467 1788 1530 impe-

1014 1550 1079 1600 rium
1103 1550 1256 1602 atllectareut
1279 1553 1304 1602 id
1329 1553 1548 1617 committendum,
1567 1554 1610 1605 sed
1630 1559 1789 1619 quarendum

1012 1641 1119 1704 aliquem
1146 1646 1275 1692 externum
1305 1647 1331 1693 el
1354 1649 1498 1695 neutrarum
1525 1646 1631 1710 partium
1655 1649 1788 1712 fautorem,

1014 1734 1040 1781 ut
1055 1730 1101 1780 hoe
1122 1731 1275 1794 potissimum
1298 1732 1370 1782 modo
1385 1733 1464 1782 omnis
1484 1735 1612 1786 seditionis
1623 1739 1725 1788 materia
1739 1739 1787 1787 tel-

1013 1825 1243 1886 remensemque
1261 1838 1342 1888 regem
1365 1825 1505 1877 creandum.
1540 1830 1626 1890 ltaque
1647 1829 1694 1878 lroe
1716 1834 1788 1893 capto

1013 1917 1113 1967 oonsilio
1127 1930 1207 1979 regem
1228 1917 1387 1980 designarunt
1413 1918 1493 1966 virum
1515 1921 1637 1980 querrdam
1657 1920 1787 1982 Sabinum,

1013 2009 1089 2059 fillum
1116 2008 1227 2072 Pompilii
1251 2007 1396 2071 Pomponis,
1418 2009 1465 2058 viri
1488 2009 1603 2070 illustris,
1620 2011 1718 2062 neruine
1736 2017 1787 2062 Nu·

1012 2114 1087 2159 mam,
1099 2099 1180 2149 aetutls
1191 2099 1245 2149 eius
1257 2112 1314 2163 quae
1324 2098 1385 2148 solet
1398 2099 1659 2160 esseprudeutisslma,
1671 2116 1727 2151 nam
1739 2116 1788 2151 non

1012 2191 1116 2241 mullum
1128 2190 1214 2240 aberat
1231 2190 1263 2239 ab
1277 2202 1342 2239 anno
1354 2188 1550 2253 quadragesimo,
1565 2193 1590 2239 et
1603 2190 1689 2239 lormre
1702 2191 1785 2253 digai·

1012 2288 1064 2334 lale
1090 2283 1161 2347 plane
1189 2281 1255 2344 regia
1286 2279 1425 2344 praeditum.
1469 2280 1508 2330 ob
1532 2282 1674 2344 sapientiam
1703 2286 1785 2331 autern

1012 2377 1120 2427 maxime
1146 2376 1201 2425 elus
1225 2377 1279 2424 crat
1306 2374 1373 2422 larua
1401 2386 1449 2423 nou
1471 2372 1549 2422 solum
1574 2373 1637 2436 apud
1663 2373 1786 2434 Quirites,

1013 2469 1056 2518 sed
1080 2468 1154 2518 etiarn
1181 2463 1246 2528 apud
1272 2464 1365 2513 ricinos
1393 2463 1504 2528 pupulos.
1539 2465 1651 2526 Curaque
1678 2465 1724 2514 lroe
1751 2465 1787 2514 eis

1012 2560 1157 2625 placuisset,
1176 2556 1293 2620 poputum
1304 2555 1336 2605 ad
1349 2554 1488 2605 audonem
1501 2558 1685 2617 eouroearunt;
1699 2560 1724 2606 et
1745 2559 1787 2620 qui

1012 2656 1071 2702 lune
1088 2654 1200 2703 luterrex
1213 2662 1300 2699 eorum
1313 2653 1379 2708 erat,
1397 2649 1422 2696 in
1442 2648 1549 2698 medium
1565 2663 1707 2712 progressus
1727 2650 1789 2699 dixit

1011 2753 1097 2790 omnes
1121 2742 1204 2803 patres
1230 2737 1356 2787 communi
1382 2750 1503 2786 consensu
1524 2737 1709 2802 'rempublicam
1739 2738 1787 2800 regi

1011 2827 1211 2879 committendam
1236 2826 1376 2884 censuisse,
1406 2839 1433 2874 se
1456 2839 1514 2874 vero
1539 2825 1613 2875 huius
1639 2824 1784 2887 cognitionis

1012 2915 1142 2974 arbitrum,
1155 2914 1265 2976 quisnam
1284 2916 1350 2962 esset
1367 2916 1526 2977 suscepturus
1544 2913 1685 2977 imperiumn,
1705 2925 1787 2974 regem

1012 3005 1119 3055 ciuitatis
1130 3007 1235 3053 Numam
1255 3002 1401 3065 Pompilium
1420 3001 1515 3064 eligere.
1551 3004 1637 3065 ltaque
1649 3006 1734 3065 postea
1749 3001 1787 3051 le-

1012 3097 1083 3161 gatos
1095 3093 1127 3142 de
1147 3093 1306 3152 patriciorum
1324 3091 1408 3140 ordine
1421 3091 1529 3141 delectos
1554 3093 1636 3155 misit,
1657 3097 1686 3142 ul
1708 3095 1788 3143 virum

1012 3183 1080 3234 illum
1096 3189 1128 3233 ad
1151 3196 1253 3244 regnum
1271 3182 1440 3245 accipiendum
1462 3187 1622 3243 arcesserent,
1636 3198 1699 3234 auno
1714 3185 1786 3234 tertio

1011 3274 1113 3325 decium
1128 3277 1203 3322 sextu
1227 3271 1385 3336 olumpiadis,
1402 3286 1450 3335 qua
1469 3273 1547 3324 rietur
1560 3275 1585 3323 in
1604 3274 1683 3324 stadio
1706 3275 1786 3324 luerat

1012 3364 1161 3429 Pythagoras
1172 3367 1259 3414 lacon.

1042 3483 1104 3531 Llll.
1121 3485 1199 3543 atque
1212 3479 1330 3528 haetenus
1341 3479 1440 3541 quidem
1452 3493 1500 3528 uon
1512 3493 1612 3543 possum
1624 3478 1671 3527 illis
1682 3480 1782 3528 eontra-

1011 3584 1105 3640 dieere,
1125 3581 1168 3644 qui
1182 3581 1310 3631 historiam
1323 3579 1355 3629 de
1370 3579 1418 3628 hoc
1439 3579 1492 3628 uiro
1504 3580 1529 3629 in
1544 3580 1621 3629 turem
1634 3578 1785 3629 ediderunt:

1012 3684 1055 3734 sed
1081 3683 1105 3732 iu
1132 3682 1290 3746 sequentibus
1310 3680 1370 3744 quid
1386 3681 1420 3730 sit
1439 3680 1569 3730 dicendum
1587 3679 1682 3730 dubito.
1715 3679 1785 3730 Nulli

1012 3787 1076 3836 euim
1087 3786 1249 3847 seripserunt,
1263 3786 1369 3832 Numam
1380 3783 1523 3845 Pythagoras
1534 3780 1681 3843 discipulum
1696 3781 1785 3841 tuisse,

1012 3888 1051 3947 el,
1067 3897 1115 3946 quo
1132 3887 1269 3947 ternporea
1289 3879 1404 3930 Romanis
1426 3892 1469 3928 rex
1490 3878 1631 3941 designatus
1646 3877 1705 3937 fail,
1724 3880 1784 3926 Cro·

1012 3993 1069 4040 lone
1086 3987 1244 4050 philosophiae
1262 3999 1361 4048 operam
1381 3981 1485 4031 dedisse.
1519 3978 1567 4029 Sed
1586 3983 1682 4042 ternpus
1704 3977 1785 4026 aetatis

1013 4091 1156 4154 Pythagoraa
1167 4102 1223 4138 cum
1236 4083 1420 4137 lustrationibus
1434 4085 1526 4147 pugnat
1538 4102 1545 4132 ι
1558 4094 1606 4130 non
1623 4080 1687 4133 enim
1701 4080 1786 4144 paucis

1011 4191 1094 4246 annis.
1116 4189 1159 4239 sed
1181 4189 1220 4237 uel
1243 4191 1350 4251 quatuor
1378 4184 1478 4247 integris
1499 4182 1614 4234 aetatibus
1636 4182 1786 4246 Pythagoras

1010 4295 1064 4356 ipso
1087 4295 1165 4342 Numa
1177 4287 1298 4352 posterior
1313 4287 1376 4345 luit,
1394 4289 1423 4334 ut
1436 4299 1467 4334 ex
1488 4284 1609 4335 communi
1627 4283 1730 4335 historia
1743 4297 1784 4333 ac·

1010 4394 1127 4456 cepimus.
1173 4392 1221 4438 lste
1243 4386 1308 4436 enim
1334 4385 1415 4435 media
1438 4384 1575 4448 olympiade
1604 4383 1697 4433 decima
1720 4385 1787 4432 seila

1010 4499 1175 4546 llomauorum
1195 4502 1297 4553 reguum
1308 4491 1347 4537 est
1358 4486 1462 4549 adeptus
1474 4505 1480 4535 :
1495 4486 1644 4551 Pythagoras
1663 4498 1722 4535 vero
1733 4485 1788 4547 post

1009 4588 1234 4653 quinquagesimam
1258 4583 1419 4647 olprrrpiadem
1445 4584 1468 4632 in
1492 4582 1561 4632 ltalia
1591 4585 1703 4630 moratus
1736 4581 1783 4629 est.

1008 4686 1056 4738 Sed
1068 4683 1134 4734 aliud
1150 4683 1197 4732 islo
1208 4680 1313 4730 ualidius
1327 4682 1498 4741 argumentum
1512 4676 1598 4725 alierre
1610 4686 1785 4737 pessumque

1008 4783 1174 4833 demonstrem
1200 4782 1337 4838 temporum
1361 4771 1558 4835 supputationem
1583 4749 1632 4817 nou
1655 4778 1784 4817 convenire

1008 4891 1067 4927 euru
1079 4873 1187 4924 historiis
1201 4871 1232 4920 de
1252 4871 1298 4919 luou
1319 4866 1372 4914 uiro
1396 4864 1507 4928 seriptis;
1522 4862 1586 4925 quod
1602 4875 1652 4925 quo
1674 4863 1784 4921 tempore

1010 4979 1089 5026 Numa
1104 4973 1134 5025 ad
1146 4983 1246 5034 reguum
1264 4981 1279 5016 a
1291 4964 1407 5016 Romanis
1422 4965 1525 5011 uocatus
1538 4962 1591 5019 est,
1609 4955 1715 5005 nondum
1730 4959 1784 5004 erat

1012 5071 1072 5123 urbs
1098 5073 1198 5118 Crulo:
1222 5061 1384 5131 quadriennio
1409 5061 1474 5112 euim
1492 5061 1586 5121 integro
1606 5058 1661 5120 post
1682 5067 1783 5117 reguum

1012 5175 1178 5223 Rornanorum
1195 5178 1209 5213 a
1224 5165 1304 5213 Numa
1314 5165 1442 5222 acceplum
1458 5155 1579 5231 Myscelus
1594 5167 1648 5203 eam
1661 5151 1783 5209 condidit.
