3772 5828
182 279 244 338 tes

178 430 269 486 γονται
291 409 426 485 γενέσθαι·
450 408 584 467 πολιτικαί
616 408 637 466 δ’
663 409 693 474 ἃς
719 410 832 488 ἔρχομαι
858 410 950 478 letos.

217 496 314 557 XLlll.
340 498 447 574 Πρῶτον
472 496 519 572 μὲν
539 500 570 572 τῇ
591 495 667 553 πολει
689 504 783 576 μοῖραν
805 496 950 574 οὐμικρόν

178 584 338 665 προσέθηκεν
355 583 499 662 έντειχίσας
513 583 556 641 τδν
578 583 717 661 λεγόμενον
731 586 878 643 Αὐεντῖνον·
894 584 952 643 ἔστι

179 675 205 731 δέ
219 674 295 752 λόγος
309 675 406 754 ὑψηλὸς
418 675 554 746 ἐπιεικῶς,
571 672 752 730 ὀκτωκαίδεκά
770 696 820 730 που
835 672 951 732 σταδίων

136 783 150 820 ο
177 759 224 833 τὴν
236 763 401 841 περίμετρον,
412 763 439 829 δς
453 762 512 821 τότε
527 759 574 836 μέν
590 759 653 830 ὐλης
674 763 842 833 παντοδαπῆς
856 761 951 839 μεστὸς

177 841 222 923 ἦν,
234 850 389 915 πλείστηςδέ
404 849 449 908 καῖ
458 849 599 919 καλλίστης
608 852 655 917 τῆς
670 849 778 927 δάρνης,
789 849 830 930 ἐρ’
845 841 953 922 ἧςΛαυ·

178 944 255 1015 ρῆτον
266 941 316 997 ὑπὸ
330 939 471 1013 Ῥωμαίων
487 940 606 995 καλεῖται
621 935 697 1002 τόπος
712 961 749 1002 τις
764 937 789 1005 ἐξ
804 940 891 1010 αὐτοῦ,
905 942 951 996 νῦν

177 1027 200 1086 δ’
214 1028 300 1085 οίκιιῦν
316 1031 370 1086 ἐστι
390 1025 494 1103 πλήρης
508 1024 585 1091 ἅπας·
602 1024 663 1082 ἔνθα
677 1023 723 1083 σύν
743 1028 846 1094 πολλοῖς
863 1026 950 1092 ἄλλοις

177 1114 221 1172 καὶ
237 1113 326 1184 τὸτῆς
341 1111 489 1192 Ἀρτέμιδος
503 1112 572 1191 ἱερὸν
586 1111 700 1190 ἵδρυται.
727 1113 851 1191 Εἶργεται
871 1113 893 1173 δ’
905 1115 949 1193 ἄρ’

125 1225 150 1264 ιο
177 1203 265 1281 ἑτέρου
283 1206 334 1259 τῶν
361 1200 608 1279 συμπεριεχομένων
629 1204 661 1277 τῇ
684 1200 778 1279 Ῥώμη
799 1202 885 1279 λόφων
901 1206 947 1257 τοῦ

176 1291 339 1367 καλουμένου
356 1287 509 1359 Παλατίου,
530 1288 590 1367 περὶ
605 1287 662 1359 δνὴ
679 1286 770 1365 πρώτη
782 1310 948 1345 κατασκευα·

78 1387 80 1391 ’
176 1386 268 1440 σθεῖσα
279 1379 354 1444 πόλις
366 1376 469 1456 ίδρύθη,
486 1375 578 1455 βαθεῖα
590 1378 634 1433 καί
646 1381 726 1456 στενῇ
741 1375 865 1456 φάραγγι·
878 1378 904 1434 έν
921 1374 949 1434 δέ

175 1478 229 1535 τοῖς
244 1469 350 1545 ὐστερον
363 1466 465 1544 χρόνοις
476 1464 580 1544 ἐχώσθη
592 1467 668 1532 πδςθ
681 1462 780 1537 μεταξύ
795 1467 846 1522 τῶν
863 1463 948 1543 λόγων

176 1556 272 1616 αὐλών.
298 1558 398 1615 Τοῦτον
414 1553 446 1622 δὴ
461 1553 503 1610 τὸν
524 1552 601 1633 λάρον
626 1551 795 1630 έπιτείχισμα
811 1551 879 1611 κατθ
901 1556 947 1621 τῆς

26 1648 29 1653 ’
124 1654 148 1692 ¹5
176 1647 276 1713 πόλεως
289 1646 356 1722 δρῶν
382 1642 520 1716 έσόμενον,
542 1640 565 1698 εῖ
586 1663 624 1706 τις
638 1641 705 1720 αὐτῇ
730 1639 798 1699 έπίοι
820 1641 948 1720 στρατός,

116 1744 120 1748 “
174 1735 256 1814 τείχει
281 1731 327 1792 καῖ
343 1733 434 1810 τάρριρ
449 1727 608 1807 περιελαύε,
629 1727 675 1785 καῖ
695 1726 753 1793 τούς
772 1726 948 1805 μεταχθέντας

175 1825 206 1882 έκ
219 1821 354 1892 Τελλήνης
370 1842 398 1877 τε
423 1816 469 1876 καὶ
485 1818 649 1892 Πολιτωρίου
663 1817 776 1873 καὶτῶν
793 1815 881 1873 ἄλλων
897 1814 945 1872 πό·

174 1913 241 1970 λεων
256 1911 324 1968 ὅσων
348 1907 491 1985 ίκράτησεν
512 1905 637 1982 ἐντούτῳ
658 1905 695 1983 τῷ
713 1901 804 1982 χωρίῳ
823 1902 946 1981 καθίδρυ-

177 2023 231 2059 σεν.
260 1997 310 2057 Ἓν
331 1993 427 2073 μὲνδὴ
449 1998 525 2051 τοῦτο
540 1991 571 2050 τύ
588 1991 734 2066 πολίτευμα
752 1996 798 2049 τοῦ
819 1989 947 2068 βασιλέως

122 2112 147 2150 ιο
174 2089 347 2169 παραδίδοται
361 2083 441 2141 καλὸν
456 2081 512 2159 σ’ίμα
528 2080 574 2139 καὶ
590 2078 792 2160 πραγματικὸν,
809 2077 835 2146 ἐξ
848 2068 878 2135 οὐ
889 2075 946 2152 prt-

174 2175 236 2245 ζονά
254 2198 281 2232 τε
297 2171 394 2242 συνέύη
415 2171 536 2244 γενέσθαι
552 2167 599 2238 τὴν
614 2167 690 2228 πόλιν
711 2165 800 2244 ἐτέρας
811 2164 948 2241 προσθέσει

173 2266 292 2334 πόλεως,
306 2261 351 2318 καί
361 2260 446 2336 πολλῇ
461 2258 530 2337 χειρὶ
543 2256 676 2333 πολεμίοιν
688 2251 947 2333 ἐπιστρατευσάντων

173 2346 250 2426 ἧττον
272 2351 412 2422 εὔληπτον.

214 2441 317 2501 XLIV.
338 2434 451 2515 Ἵθτερον
483 2433 511 2492 δέ
538 2456 563 2491 τι
585 2437 630 2492 τοῦ
650 2429 839 2512 προειρημένου
864 2429 946 2488 πολι-

121 2550 148 2588 εο
174 2525 302 2603 τεάματος
318 2534 447 2602 κρεῖττον,
463 2519 477 2580 δ
493 2520 539 2579 καῖ
553 2527 606 2586 τοῖς
625 2516 693 2576 κατὰ
718 2516 762 2575 τὸν
787 2514 845 2595 βίον
871 2510 945 2571 άπα-

175 2638 215 2677 αιν
239 2611 472 2691 εὐδαιμονεστέραν
503 2608 584 2680 αὐτὴν
611 2607 719 2677 ἐποίησε
745 2601 791 2662 καλ
816 2602 946 2680 πραγμά-

173 2728 224 2764 των
241 2706 336 2782 έπῆρεν
352 2698 469 2780 ἅψασθαι
483 2693 678 2775 γενναιοτέρων.
727 2695 783 2751 Τοῦ
795 2689 846 2770 γθρ
859 2688 945 2749 Τεύέ·

175 2815 227 2873 ριος
247 2794 367 2865 ποταμοῦ
388 2785 591 2850 καταόαίνοντος
615 2782 663 2855 μὲν
679 2784 709 2840 έκ
724 2783 776 2838 τῶν
791 2777 947 2836 Ἀπεννίνων

175 2884 255 2960 δρῶν,
270 2880 334 2958 παρ’
350 2873 430 2947 αὐτῆν
443 2873 470 2932 δὲ
485 2874 532 2944 τὴν
546 2872 656 2950 Ῥώμην
671 2875 787 2950 ῥέοντος,
801 2867 947 2943 έμόάλλον·

120 2992 147 3031 so
173 2993 217 3037 τος
232 2969 254 3028 δ’
269 2969 304 3033 τίς
329 2962 461 3041 αὐγιαλούς
477 2961 613 3037 ἀλιμένους
632 2959 677 3017 καὶ
691 2964 844 3034 προσεχεῖς,
859 2954 902 3021 οῦς
917 2956 947 3012 τὸ

174 3054 337 3137 Τυρρηνικὸν
358 3059 427 3110 ποιεῖ
455 3049 584 3126 πέλαγος,
610 3044 691 3122 μικρά
707 3044 735 3101 δέ
758 3042 803 3101 καῖ
824 3043 872 3099 οὐκ
887 3040 946 3108 ἄξια

173 3145 252 3222 λόγον
266 3142 313 3215 τὴν
329 3139 438 3215 Ῥώμην
455 3138 613 3217 ὠφελοῦντος
629 3131 672 3190 διδ
686 3129 716 3187 τδ
732 3125 814 3207 μηθέν
834 3125 877 3186 ἐπὶ
892 3128 948 3193 ταῖς

175 3232 295 3297 έκόολαῖς
319 3230 389 3309 έχειν
409 3221 578 3308 φρούριον,δ
601 3220 648 3286 τθς
672 3214 887 3292 εἰσκομιζομένας
903 3214 947 3272 διδ

175 3321 305 3390 θαλάττης
330 3317 375 3376 καῖ
396 3316 442 3382 τδις
462 3309 642 3390 καταγομένας
663 3308 758 3365 ἄνωθεν
775 3299 870 3383 θγσρθις
885 3305 948 3360 ὐπο·

121 3434 147 3472 ss
175 3409 275 3482 δέξεταί
286 3431 313 3466 τε
328 3407 372 3463 καὶ
387 3402 526 3482 ἀμείψεται
537 3407 590 3465 τοῖς
615 3391 844 3473 ἐμπορευομένοις,
859 3392 948 3450 ἱκανοῦ

175 3499 198 3559 δ’
212 3498 283 3562 ὄντος
311 3493 374 3572 άχρι
392 3490 438 3566 μὲν
460 3492 511 3546 τῶν
526 3488 618 3565 πηγῶν
637 3481 799 3559 ποταμηγοῖς
822 3479 949 3558 σκάφεσιν

176 3587 339 3664 εὐμεγέθεσιν
353 3579 540 3646 ἀναπλεῖσθαι,
554 3575 619 3654 πρός
640 3571 721 3643 αὐτὴν
736 3568 763 3627 δὲ
779 3567 826 3640 τὴν
840 3565 949 3640 Ῥώμην

176 3674 222 3733 καλ
235 3668 385 3734 θαλαττίαις
405 3666 498 3724 ὁλκάσι
518 3663 653 3740 μεγάλαις,
667 3661 777 3717 ἐπίνειον
790 3656 855 3731 ἔγνω
867 3677 948 3712 κατα-

177 3760 311 3827 σκευάζειν
324 3758 367 3817 leri
381 3761 437 3823 ταῖς
452 3755 572 3818 έκύολαῖς
585 3752 676 3821 αὐτοῦ,
686 3748 772 3824 λιμένι
782 3744 947 3824 χρησάμενος

121 3877 147 3916 tc
177 3853 247 3927 αὐτῷ
264 3851 300 3928 τῷ
314 3848 426 3923 στόματι
448 3850 493 3902 τοῦ
509 3843 640 3916 ποταμοῦ.
686 3830 827 3914 Εὐρύνεταί
846 3853 875 3888 τε
898 3831 948 3908 γὰρ

176 3937 219 3998 έπλ
230 3937 296 3996 πολύ
312 3940 344 4014 τῇ
360 3932 475 4011 θαλάττῃ
490 3929 644 3999 συνάπτων,
658 3923 704 3982 καλ
719 3921 829 3982 κόλπους
843 3917 951 3994 lepti·
974 3880 977 3955 ί

175 4047 214 4082 νει
236 4024 379 4101 μεγάλους,
399 4018 466 4084 οἵους
490 4020 514 4076 οἱ
529 4017 665 4095 κράτιστοι
684 4014 736 4069 τῶν
752 4004 898 4066 θαλαττίων
913 4007 950 4060 λι·

177 4113 275 4189 μένων.
316 4110 354 4170 Ὃ
372 4107 400 4166 δέ
413 4108 529 4182 μάλιστα
543 4103 699 4178 θαυμάσειεν
711 4099 742 4157 ἄν
755 4118 807 4161 τις,
824 4095 871 4150 οὐκ
885 4093 949 4148 ἀπο·

175 4201 344 4262 κλείεταιτοῦ
363 4196 492 4271 στόματος
510 4193 562 4251 ὑπὸ
583 4195 629 4260 τῆς
651 4183 791 4250 θαλαττίας
813 4178 880 4244 θινὸς
899 4181 947 4254 ἐμ·
975 4164 978 4199 ¹

122 4294 155 4353 ιε’
177 4283 398 4370 φραττόμενος,δ
421 4282 553 4360 πάσχουσι
567 4277 659 4336 πολλοὶ
681 4273 726 4333 καῖ
750 4273 801 4328 τῶν
826 4266 948 4345 μεγάλων

175 4381 321 4455 ποταμῶν,
335 4371 386 4430 οὐδ’
402 4373 436 4437 εἷς
453 4369 499 4440 ἕλη
521 4367 565 4426 καλ
577 4365 696 4441 τέλματα
720 4358 889 4436 πλανώμενος
904 4358 948 4415 ἀλ·

176 4466 230 4524 λοτ’
255 4466 323 4540 άλλη
348 4456 620 4540 προκαταναλίσκεται
645 4451 706 4531 πρὶν
730 4450 747 4520 ἢ
775 4453 809 4528 τῇ
832 4445 948 4524 θαλάττῃ

177 4553 291 4633 συνάψαι
305 4550 334 4609 τὸ
351 4552 466 4627 ῥεῖθρον,
485 4543 554 4604 illl
567 4538 754 4618 ναυσιπέρατός
769 4538 838 4595 ἔστιν
852 4531 892 4593 αῖεῖ
906 4533 950 4590 καὶ

178 4643 210 4703 δι’
225 4642 278 4708 tvl<
298 4639 418 4697 ἐκδίδωσι
444 4640 488 4692 τοῦ
502 4629 607 4709 γνησίου
625 4628 772 4703 στόματος,
794 4620 949 4681 ἀνακόπτων

125 4749 152 4788 to
175 4733 222 4801 τθς
237 4727 376 4805 πελαγίους
401 4719 492 4804 ῥαχίας
515 4723 562 4787 τῆς
586 4717 732 4785 θαλάττης,
759 4711 845 4769 καίτοι
869 4706 950 4772 πσλύς

178 4818 265 4877 αὐτόθι
279 4816 379 4895 γίνεται
393 4811 439 4871 καὶ
453 4807 569 4888 χαλεπὸς
583 4809 597 4862 b
611 4804 696 4861 πνέων
712 4801 762 4858 άπὸ
778 4802 824 4868 τῆς
838 4795 950 4874 ἑσπέρας

178 4905 283 4979 ἄνεμος.
328 4906 363 4965 Αἱ
378 4900 426 4978 μὲν
436 4890 480 4958 οὐν
493 4893 620 4954 έπίκωποι
635 4895 695 4963 νῆες
708 4886 832 4956 δπηλίκαι
846 4883 904 4942 ποτ’
918 4882 949 4940 ἅν

178 4980 253 5049 οὐσαι
264 4993 380 5070 τύχωσι,
396 4988 441 5046 καί
457 4989 507 5046 τών
521 4981 640 5042 θλκάδων
664 4981 691 5035 αἱ
706 4975 786 5054 μέχρι
802 4974 948 5050 τρισχιλισ·

178 5077 282 5154 φόρων,
297 5076 428 5154 εἰσάγουσί
443 5098 470 5133 τε
482 5076 525 5131 διὰ
541 5074 586 5128 τοῦ
597 5067 727 5142 στόματος
741 5064 819 5120 αὐτοῦ
834 5058 880 5116 καὶ
896 5053 949 5130 μέ·
974 5114 978 5126 ,

696 275 861 337 otontstt
883 278 1259 342 Hnttcnttn'asssa‘sts

1004 424 1044 473 hae
1053 423 1164 471 teruntur
1178 422 1253 473 luisse
1267 421 1353 473 :dorni
1362 436 1420 472 vero
1437 425 1527 487 ςοεῖω,
1540 438 1601 487 quas
1617 440 1674 475 mm
1684 426 1776 480 dimna.

1036 513 1121 562 xtht.
1148 512 1256 560 Primum
1272 509 1371 574 quidem
1385 511 1440 561 arbi
1451 525 1498 561 non
1514 513 1663 564 mediocrem
1681 521 1777 579 partem

1004 599 1114 650 adiunxit
1127 600 1273 649 Aventinum
1284 598 1327 660 qui
1339 602 1441 647 vocatur
1456 601 1564 648 montem
1576 600 1698 650 moenibus
1711 615 1776 651 com-

1004 687 1112 750 plectens
1125 706 1132 735 ε
1145 688 1184 736 est
1197 688 1280 733 sutem
1294 684 1388 734 modim
1400 684 1465 734 altus
1478 684 1615 736 stadiorum
1627 686 1703 737 terme
1714 700 1775 737 xvrrr

1004 773 1112 836 ambitu,
1130 774 1171 836 qni
1193 775 1251 822 tune
1264 771 1332 822 reris
1349 771 1412 822 silva
1424 772 1528 823 refertus
1544 779 1594 824 erat
1609 778 1635 824 et
1653 774 1775 838 precipue

1004 862 1066 912 lauri
1080 861 1250 924 pulcherrime
1266 861 1344 923 copie.
1361 859 1452 910 under
1470 863 1585 910 Romanis
1596 861 1710 922 quedem
1722 862 1776 912 eius

1003 949 1051 1001 loci
1061 962 1118 1012 pers
1129 951 1261 998 Lauretum
1271 951 1382 1007 vocatur,
1395 960 1537 1010 quanquam
1546 962 1611 997 nunc
1620 952 1688 999 totus
1696 949 1776 1000 reditr-

1003 1035 1048 1086 ciis
1055 1039 1189 1094 esttectus,
1197 1035 1240 1085 ubi
1250 1036 1313 1085 inter
1323 1039 1404 1085 cetera
1414 1036 1468 1085 ianr
1477 1035 1595 1098 tempium
1605 1037 1679 1087 etlam
1689 1039 1775 1088 Dianas

1003 1127 1155 1174 exstructum
1164 1126 1210 1173 est.
1222 1122 1350 1173 Dirimitur
1359 1125 1441 1172 autem
1454 1123 1486 1172 sb
1494 1122 1543 1173 alio
1551 1137 1636 1174 eorum
1647 1138 1774 1189 qaosmw·

1002 1219 1042 1268 nis
1054 1220 1137 1268 Roma
1148 1216 1343 1281 complectuntur
1355 1217 1469 1277 collium,
1482 1218 1608 1278 Palatino.
1622 1220 1646 1269 ῖιι
1658 1234 1710 1284 qno
1721 1223 1775 1286 pri·

1003 1325 1071 1362 mum
1087 1311 1146 1360 urbs
1155 1310 1254 1362 condite
1265 1314 1333 1370 oret,
1346 1311 1467 1374 protunda
1482 1316 1507 1362 et
1518 1319 1620 1378 angusta
1630 1315 1702 1366 ralle.
1726 1319 1774 1369 sed

1002 1411 1086 1473 postea
1098 1411 1178 1459 toturn
1192 1407 1253 1459 illud
1268 1408 1331 1457 inter
1349 1407 1413 1458 duos
1426 1409 1501 1460 colles
1513 1411 1620 1475 spatium
1643 1415 1709 1462 terra
1728 1427 1774 1477 ng-

1002 1514 1070 1573 gesta
1096 1509 1216 1572 repletum
1236 1510 1282 1559 est.
1316 1510 1378 1558 Cum
1399 1509 1473 1572 igitur
1491 1516 1574 1559 Ancus
1593 1512 1696 1563 rideret·
1709 1513 1780 1563 bunc·

1002 1610 1089 1661 collem
1102 1610 1261 1661 munitionem
1272 1613 1357 1659 contra
1373 1610 1451 1673 ipsern
1462 1611 1547 1661 urbem
1556 1613 1672 1672 iuturrun,
1686 1616 1774 1678 siquis

1001 1704 1124 1754 exercitus
1136 1716 1189 1753 eum
1203 1702 1389 1766 aggrederetur,
1400 1715 1471 1751 rnuro
1490 1715 1546 1752 eum
1561 1702 1673 1769 iussoque
1686 1706 1771 1766 ιῖιιιῖις

1001 1795 1027 1843 et
1042 1807 1084 1844 eos
1102 1806 1165 1856 quos
1179 1805 1210 1841 ex
1228 1791 1326 1841 'tellone
1344 1793 1370 1841 et
1390 1789 1505 1840 Politorio
1522 1794 1547 1840 et
1570 1795 1658 1842 ceteris
1677 1795 1774 1857 oppidis

1001 1886 1079 1948 captis
1102 1883 1246 1934 traduxerat
1268 1885 1293 1934 in
1313 1883 1361 1932 boe
1382 1883 1436 1933 loro
1457 1883 1594 1933 collocarit.
1627 1891 1707 1946 Atque
1726 1886 1775 1936 lroc

1002 1989 1079 2025 unum
1091 1975 1154 2038 regis
1168 1975 1307 2024 institutum
1324 1973 1354 2024 ad
1365 1973 1540 2037 rempublicam
1557 1974 1681 2036 pertinens
1693 1976 1773 2026 tredi-

1000 2067 1049 2122 tar.
1065 2062 1207 2127 preclarum
1217 2062 1289 2111 simul
1304 2066 1329 2112 et
1339 2062 1409 2126 uelde
1428 2062 1498 2122 utile,
1517 2076 1546 2111 ex
1558 2077 1609 2125 quo
1623 2064 1708 2114 urbem
1729 2080 1773 2114 eu·

1000 2156 1050 2219 geri
1063 2154 1164 2217 contigit
1181 2153 1283 2204 elterias
1295 2154 1363 2204 urbis
1382 2153 1536 2214 accessione,
1555 2154 1685 2216 minusque
1697 2168 1774 2218 eapu-

1000 2247 1121 2312 gnabilem
1133 2245 1201 2305 steri,
1216 2245 1237 2294 si
1251 2244 1330 2294 bostis
1342 2245 1382 2293 rel
1404 2257 1460 2293 cum
1480 2243 1573 2307 magnis
1587 2244 1664 2306 copiis
1684 2248 1771 2295 contra

1000 2354 1054 2391 eam
1068 2337 1169 2389 reniret.

1033 2440 1116 2488 xntv.
1132 2436 1242 2487 Alterum
1254 2446 1313 2483 vero
1326 2433 1408 2496 priore
1420 2434 1590 2495 prestantius,
1603 2431 1670 2496 quod
1688 2433 1712 2480 in
1729 2446 1771 2482 rc·

1000 2536 1046 2585 bus
1070 2534 1183 2584 omnibus
1204 2533 1234 2582 sd
1257 2532 1352 2581 rictum
1369 2529 1535 2594 spectantibus
1549 2542 1604 2579 eam
1627 2529 1773 2579 ῖοτίωιιιῖῖο·

1000 2647 1052 2684 rem
1065 2631 1184 2689 reddidit,
1195 2631 1220 2679 et
1228 2629 1258 2678 nd
1274 2640 1314 2677 res
1322 2627 1428 2677 maiores
1439 2624 1557 2688 gerendas
1568 2624 1672 2690 inpulit.
1708 2626 1772 2674 cnm

1000 2731 1065 2782 enim
1084 2730 1179 2781 Tiberis
1199 2728 1277 2778 amnis
1290 2741 1321 2776 οι
1336 2725 1467 2790 apenninis
1481 2724 1606 2774 montibus
1620 2723 1773 2775 descendens

1000 2832 1079 2897 ipsam
1097 2831 1376 2893 recommemorata
1391 2826 1416 2875 in
1434 2826 1516 2874 littore
1528 2825 1678 2887 importuosa
1696 2828 1772 2888 etque

1000 2940 1084 2998 aperta
1099 2934 1252 2995 erumperet,
1273 2943 1329 2993 ηοω
1348 2942 1416 2978 more
1432 2927 1584 2990 Tyrrhenum
1600 2927 1670 2987 tecit,
1682 2930 1708 2977 et
1724 2926 1772 2989 ipsi

1001 3040 1057 3090 urbi
1065 3038 1177 3098 exiguam
1190 3050 1234 3085 nec
1252 3035 1387 3083 memoratu
1402 3031 1500 3092 dignam
1509 3031 1641 3080 utilitatem
1658 3029 1771 3091 afferret,

1001 3137 1066 3203 quod
1080 3138 1144 3185 circe
1158 3134 1220 3183 ostie
1234 3129 1436 3181 nullumheberet
1449 3130 1585 3185 castellum,
1597 3128 1664 3192 quod
1679 3141 1773 3179 merces

1002 3238 1062 3290 mari
1074 3252 1104 3288 eo
1112 3237 1205 3287 delatas
1215 3238 1241 3284 et
1252 3248 1295 3297 per
1308 3232 1413 3280 tiuvium
1425 3230 1600 3280 descendentes
1617 3229 1736 3295 reciperet
1748 3235 1774 3280 et

1002 3354 1058 3390 cum
1078 3336 1258 3399 negotiantibus
1279 3335 1451 3390 commutaret,
1471 3345 1526 3379 curn
1548 3331 1650 3394 navigiis
1666 3329 1773 3380 tlurieli·

1002 3441 1048 3491 bus
1068 3437 1196 3490 mediocris
1216 3433 1389 3499 magnitudinis
1403 3445 1481 3494 nsque
1503 3430 1535 3479 ad
1552 3432 1644 3481 iontem
1664 3430 1773 3492 navigari

1003 3547 1100 3607 posset,
1124 3540 1155 3590 ad
1176 3540 1253 3603 ipsam
1273 3551 1332 3587 vero
1351 3535 1436 3584 urbem
1458 3533 1551 3595 magnis
1572 3533 1646 3581 etiem
1669 3533 1773 3582 naribus

1002 3645 1133 3701 onerariis.
1146 3643 1241 3693 navalia
1256 3639 1352 3689 adeius
1368 3637 1431 3686 ostia
1445 3636 1574 3684 instituere
1585 3633 1707 3694 decrerit,
1721 3633 1773 3697 ipso

1003 3744 1070 3794 ssrrrii
1081 3756 1123 3793 ore
1134 3755 1178 3805 pro
1186 3743 1258 3805 portu
1268 3750 1336 3786 usus.
1349 3738 1409 3785 Nam
1420 3733 1480 3782 mari
1492 3732 1621 3793 contiguas
1634 3730 1704 3794 longe
1714 3729 1773 3781 late·

1001 3854 1050 3904 que
1062 3838 1189 3903 panditur,
1200 3840 1226 3886 et
1236 3835 1328 3898 emptos
1340 3828 1594 3894 complectitursinus,
1607 3825 1774 3888 qualessolent

1003 3937 1091 3990 bebere
1104 3933 1295 3999 prestantissimi
1303 3927 1420 3979 rrrnritimi
1432 3930 1534 3990 portus-t
1545 3927 1579 3981 et,
1593 3923 1659 3986 quod
1667 3925 1773 3973 maxime

1002 4038 1058 4100 quis
1068 4035 1177 4094 miretur,
1189 4045 1235 4080 non
1247 4026 1395 4077 discluditur
1408 4025 1439 4072 ab
1453 4035 1495 4071 ore
1505 4034 1585 4070 aream
1594 4020 1695 4068 rnarinsc
1706 4032 1784 4084 eppen

1005 4138 1073 4189 ribus
1086 4137 1237 4189 obstructus,
1251 4127 1317 4191 quod
1333 4123 1421 4174 accidit
1433 4123 1516 4171 multis
1533 4119 1608 4168 ctiam
1624 4117 1718 4180 magnis
1732 4118 1774 4168 iiu-

1005 4241 1067 4298 viis,
1080 4249 1158 4298 neque
1171 4233 1194 4281 in
1211 4228 1311 4294 paludes
1320 4228 1454 4287 nutstagnn
1466 4218 1637 4281 rogonsmorlo
1651 4216 1690 4265 bic
1700 4215 1774 4265 modo

1003 4334 1053 4385 illic
1066 4327 1215 4380 consumitur
1230 4325 1361 4383 antequam
1379 4318 1402 4366 in
1422 4328 1488 4362 inore
1500 4313 1601 4372 cinnat,
1618 4310 1662 4360 sed
1683 4309 1775 4371 ubique

1003 4438 1107 4489 neribus
1118 4439 1156 4485 cst
1173 4426 1341 4495 permeabilis,
1352 4427 1377 4472 et
1390 4433 1433 4483 per
1449 4419 1546 4467 unicum
1557 4415 1668 4464 nativum
1681 4413 1775 4464 ostiam

1004 4541 1110 4603 erumpit
1132 4537 1205 4587 uraris
1230 4533 1319 4580 tluctus
1337 4542 1368 4578 ex
1389 4527 1439 4574 alto
1457 4523 1597 4584 ingruentes
1620 4521 1773 4576 retorquens,

1003 4643 1115 4711 quamvis
1129 4640 1160 4689 ibi
1175 4637 1205 4687 ab
1214 4632 1339 4684 occidente
1352 4641 1418 4690 soepe
1431 4625 1560 4674 vehemens
1577 4623 1664 4669 ventus
1681 4616 1774 4678 spirare

1003 4746 1087 4796 soleat.
1101 4745 1268 4803 linqucneres
1282 4732 1355 4781 remis
1368 4733 1436 4778 actos
1447 4724 1556 4775 cuiusvis
1564 4717 1737 4783 magnitudinis
1749 4718 1775 4763 et

1004 4864 1035 4901 er
1042 4844 1158 4898 onerariis
1167 4854 1201 4891 ere
1211 4846 1349 4902 quousque
1360 4831 1390 4880 ed
1398 4829 1445 4879 trin
1454 4826 1520 4875 milia
1529 4822 1666 4872 mertiorum
1679 4817 1777 4879 portarat

1003 4969 1047 5022 per
1058 4953 1111 5003 eins
1127 4961 1155 4998 os
1166 4944 1272 4996 intrent,
1287 4942 1313 4988 et
1322 4939 1422 4985 Romam
1435 4940 1513 4991 usque
1527 4922 1628 4985 remigio
1637 4922 1662 4969 et
1675 4913 1775 4964 ionibus

1005 5060 1090 5109 traciae
1107 5052 1219 5103 teruntur
1232 5064 1239 5095 ι
1251 5046 1278 5094 el
1291 5053 1347 5104 qum
1357 5038 1413 5088 sunt
1427 5032 1464 5081 liis
1480 5026 1599 5084 maiores,
1613 5023 1668 5070 ente
1680 5012 1772 5063 ostium
