3772 5828
193 374 246 433 itt

189 508 234 583 ροῦ
259 500 394 575 δαίμονος,
417 498 443 564 δς
461 499 538 556 αὐτὸν
563 500 592 558 ἐκ
607 506 700 577 μικροῦ
725 501 807 579 μέγαν
832 504 858 559 ἐν
882 502 962 581 ἀλίγῳ

189 594 240 656 θεὶς
262 589 350 668 χρόνῳ
372 589 417 645 καὶ
438 590 473 653 είς
493 587 645 667 ἐπιφάνειαν
666 589 821 663 θαυμαστὴν
837 590 883 648 καί
908 614 959 647 πα-

191 676 296 760 ράδοξον
310 675 400 756 ἐξάρας
415 674 547 733 κατέόαλε
561 677 644 753 φέρων
660 676 806 754 αὐθημερὸν
822 679 856 741 εἰς
866 676 961 756 ἀχαριν

190 763 326 843 συμφοράν
340 761 536 843 ἀδελφοκτόνον.
579 762 629 829 Ὡς
644 763 694 842 γὰρ
709 763 784 840 ἐγγὺς
798 764 899 839 ἐγένετο
909 768 959 822 τῶν

148 863 162 901 θ
190 855 295 923 πυλῶν,
317 851 395 908 ἀλλον
418 849 440 906 τ’
452 850 530 927 ὄχλον
548 851 596 928 ὁρῇ
615 851 783 909 παντοδαπὸν
807 852 961 931 ἐκχεόμενον

190 942 220 999 ἐκ
236 943 282 1010 τῆς
295 938 412 1007 πόλεως,
432 937 477 994 καί
491 936 523 1008 δὴ
546 959 592 994 και
608 941 655 1009 τὴν
675 937 787 1018 ἀδελφὴν
808 940 961 1018 τρέχουσαν

190 1026 372 1106 διαταραχθείς
381 1023 408 1082 δέ
419 1025 487 1083 κατδι
499 1024 548 1095 τὴν
563 1024 669 1104 πρώτην
689 1027 830 1108 πρόσοψιν,
853 1026 894 1085 ότι
913 1052 962 1086 κα·

188 1116 336 1173 ταλιποῦσα
355 1112 403 1183 τὴν
419 1111 485 1189 μετά
506 1113 603 1192 μητρὸς
615 1112 747 1193 οἰκουρίαν
761 1115 885 1194 παρθένος
902 1116 961 1174 ἐπί·

188 1225 271 1282 γαμος
285 1206 320 1268 εἷς
334 1200 413 1280 ὄχλον
427 1199 508 1272 αὑτὴν
522 1201 618 1260 ἐδωκεν
644 1206 766 1280 ἀγνῶτα,
783 1202 829 1261 καί
851 1203 962 1270 πολλοὺς

137 1297 162 1336 ¹⁰
188 1273 331 1366 λαμόάνων
351 1287 491 1367 λογισμοὺς
525 1287 653 1359 ἀτόπους,
680 1291 807 1350 τελευτῶν
834 1288 877 1348 ἐπὶ
903 1290 962 1357 τοδς

189 1382 312 1443 ἐπιεικεῖς
329 1376 375 1435 καλ
398 1374 594 1456 φιλανθρώπους
614 1375 765 1448 ἀπέκλινεν,
785 1380 819 1444 ῶς
840 1377 961 1436 ἀσπάσα-

189 1467 250 1525 σθαί
265 1490 293 1524 τε
303 1464 395 1542 πρώτη
410 1464 454 1521 τὸν
466 1462 574 1521 σωθέντ’
588 1464 698 1545 ἀδελφόν
711 1468 840 1536 ποθοῦσα,
851 1463 897 1522 καί
915 1463 961 1529 τάς

187 1551 282 1630 ἀρετάς
306 1554 358 1608 τῶν
376 1549 536 1620 τεθνηκότων
561 1553 624 1628 παρ’
645 1554 725 1610 αὐτοῦ
747 1555 839 1627 μαθεῖν
865 1553 961 1629 βουλο-

189 1640 254 1714 μένη
278 1640 329 1695 τῶν
352 1637 521 1714 εὐσχημόνων
545 1638 677 1716 ὑπερίδοι,
691 1639 837 1716 γυναικεῖόν
857 1662 884 1698 τι
909 1664 961 1698 πα·

136 1740 160 1779 16
188 1750 300 1808 οχυυσα.
343 1724 377 1784 Ἡ
401 1727 423 1783 δ’
445 1724 536 1804 ἀραού
551 1724 609 1791 τοῦς
632 1726 758 1807 ἀδελφοὺς
778 1731 893 1786 ποθοῦσα
915 1727 961 1794 τδς

189 1815 325 1886 ἀσυνήθεις
338 1816 482 1889 ἐτολμησεν
501 1813 610 1882 ἐξελθεῖν
625 1814 698 1881 tici<
709 1859 717 1887 ,
730 1818 790 1875 ἀλλ’
805 1816 882 1895 ἐρωτι
896 1840 960 1898 κρα-

188 1903 300 1979 τουμένη
316 1905 367 1961 τῶν
383 1904 495 1981 ἀνεψιῶν
508 1891 615 1982 ἐνδς,ᾧ
633 1902 832 1980 καθωμολόγηθ
849 1903 900 1960 ὑπὸ
915 1908 961 1960 τοῦ

187 1991 285 2068 πατρὸς
299 1990 342 2050 ἐπὶ
352 1989 440 2066 γάμῳ,
454 1989 499 2046 καλ
510 1986 662 2068 κρύπτουσα
673 1989 703 2048 τδ
712 1992 791 2056 πάθος
803 1989 960 2068 ἀπόρρητον·

187 2079 278 2148 ἐπειδὴ
301 2078 328 2136 δὲ
352 2081 403 2135 τῶν
424 2077 476 2134 ἀπὸ
498 2083 542 2136 τοῦ
557 2079 733 2155 στρατοπέδου
753 2078 821 2145 τινδς
846 2077 956 2148 ἤκουσεν

133 2175 161 2213 ²⁰
187 2167 395 2245 ἀπαγγέλλοντος
408 2165 442 2222 τδι
454 2165 514 2240 περὶ
528 2163 575 2235 τὴν
590 2164 698 2244 μάχην,
722 2166 809 2224 οὐκέτι
822 2165 961 2246 κατέσχεν,

188 2255 247 2312 ἀλλ’
264 2256 406 2312 ἐκλιποῦσα
426 2252 473 2322 τἠν
500 2252 584 2310 οἰκίαν
603 2250 691 2330 ῶσπερ
708 2254 735 2310 αἱ
757 2254 880 2330 μαινάδες
898 2256 960 2334 ἐφέ-

189 2363 247 2419 ρετο
266 2341 330 2419 πρὸς
350 2340 396 2406 τδς
414 2340 514 2411 πύλας,
527 2339 599 2399 οὐδέν
615 2338 821 2419 ἐπιστρεφομένη
837 2343 884 2410 τῆς
897 2345 960 2400 ἀνα-

187 2425 318 2497 καλούσης
341 2451 369 2485 τε
391 2426 436 2486 καλ
458 2425 669 2504 μεταδιωκούσης
693 2430 801 2507 τροφοῦ.
843 2426 918 2496 Ἐξω
933 2429 960 2488 δέ

187 2513 313 2591 γενομένη
328 2518 374 2585 τῆς
385 2515 500 2586 πολεως,
516 2518 551 2582 ὡς
565 2516 608 2575 τὸν
626 2515 736 2596 ἀδελφόν
751 2506 803 2575 εἶδε
822 2520 955 2594 περιχαρῆ

133 2618 160 2657 ει
187 2602 247 2668 τοὺς
270 2603 408 2669 ἐπινικίους
432 2605 596 2679 ἐπικείμενον
612 2603 776 2686 στεφάνους,
801 2595 837 2671 οἷς
856 2604 960 2663 αιἰτδνθ

189 2690 312 2768 βασιλεὺς
325 2689 443 2760 ἀνέδησε,
452 2690 497 2748 καί
508 2695 567 2757 τοὺς
578 2690 693 2765 ἑταίρους
702 2693 781 2750 αὐτοῦ
793 2688 915 2771 φέροντας
926 2690 959 2750 τά

188 2780 240 2836 τῶν
254 2778 452 2858 πεφονευμένων
464 2780 565 2854 σκῦλα,
581 2780 607 2836 ἐν
622 2769 659 2843 οἷς
672 2769 705 2844 ἀν
720 2777 818 2843 πέπλος
828 2780 959 2851 ποικιλος,

187 2864 289 2938 θναύτλ
299 2865 365 2939 μετά
380 2870 426 2938 τῆς
437 2866 536 2946 μητρὸς
550 2867 699 2946 ἐξυφήνασα
711 2869 749 2946 τῷ
760 2870 893 2944 μνηστῆρι
907 2868 960 2925 δῶ·

188 2976 231 3032 ρον
239 2957 274 3021 είς
284 2956 327 3014 τόν
338 2957 467 3031 μέλλοντα
479 2955 565 3032 γάμον
576 2954 745 3013 ἀπεστάλκει·
761 2954 894 3022 ποικίλους
909 2954 960 3034 γάρ

133 3055 160 3094 ³0
187 3040 243 3110 ἐθος
267 3043 337 3102 ἐστίν
354 3043 541 3123 ἀμφιέννυσθαι
558 3042 672 3108 πέπλους
688 3041 808 3102 Λατίνων
834 3052 887 3108 τοῖς
909 3065 959 3118 με·

187 3135 270 3189 τιοῦσι
285 3130 331 3197 τάς
347 3131 460 3210 νύμφας·
476 3133 567 3188 τοῦτον
581 3129 614 3201 δὴ
635 3129 678 3187 τδν
695 3128 795 3186 πέπλον
810 3131 959 3202 θεασαμένη

187 3218 352 3297 πεφυρμένον
368 3217 479 3294 αἵματι,
496 3217 540 3275 τόν
559 3240 588 3275 τε
611 3220 710 3296 χιτῶνα
725 3214 902 3295 κατερρήξατο
914 3217 959 3275 καί
985 3229 989 3299 Ι

187 3308 243 3372 ταῖς
262 3306 350 3384 χερσίν
372 3304 533 3384 ἀμφοτέραις
551 3304 666 3363 παίουσα
689 3304 719 3362 τδ
741 3307 835 3373 στῆθος
859 3301 959 3382 ἐθρήνει

187 3394 232 3451 καί
248 3396 398 3452 ἀνεκαλεῖτο
414 3393 458 3452 τδν
474 3392 597 3474 ἀνεψιόν,
614 3391 683 3451 ῶστε
704 3392 804 3463 πολλὴν
819 3392 958 3462 κατάπλη-

132 3504 158 3543 ss
188 3481 224 3550 ξιν
242 3483 364 3540 εἰσελθεῖν
378 3482 506 3553 ἅπαντας,
524 3481 579 3540 όσοι
598 3480 666 3539 κατθ
677 3479 721 3538 τδν
741 3477 817 3537 αιίτδν
831 3469 898 3549 ἦσαν
915 3479 960 3536 τό·

187 3592 245 3628 πον.
287 3568 520 3646 ’ἀνακλαυσαμένη
536 3568 562 3627 δέ
585 3568 629 3627 τὸν
646 3568 725 3647 μόρον
744 3573 790 3625 τοῦ
811 3569 958 3644 μνηστῆρος

188 3658 289 3716 ἀτενέσι
304 3666 355 3723 τοῖς
371 3660 512 3737 ὀφθαλμοῖς
524 3660 561 3723 είς
574 3657 618 3716 τὸν
632 3656 742 3735 ἀδελφὸν
756 3659 805 3734 δρᾷ
821 3655 866 3712 καί
880 3653 958 3733 λέγει·

189 3769 203 3800 α
220 3744 374 3824 Μιαρώτατ’
391 3746 528 3825 ἄνθρωπε,
541 3745 643 3825 χαίρεις
657 3743 813 3808 ἀποκτείνας
828 3740 887 3808 τοὺς
900 3745 959 3800 ἀνε-

189 3855 205 3888 ε
219 3831 307 3910 ψιοθς,
323 3833 392 3910 κάμέ
407 3832 454 3903 τλν
469 3834 616 3892 παναθλίαν
638 3830 750 3910 ἀδελφὴν
775 3830 957 3907 ἀποστερήσας

146 3938 151 3960 ·
190 3944 203 3979 ε
224 3920 323 3998 γάμου,
338 3947 360 3981 ω
383 3920 508 3993 δύστηνεί
523 3911 581 4000 ’Ἆρ’
604 3921 657 3978 οὐδ’
674 3919 744 3982 ἔλεος
759 3915 908 3995 εἰσέρχεταί
927 3938 956 3974 σε

189 4032 205 4065 ε
221 4013 273 4068 τῶν
288 4010 465 4070 ἀπολωλότων
481 4011 627 4086 συγγενῶν,
646 4005 689 4072 οθς
705 4002 829 4083 ἀδελφοὺς
844 4004 955 4076 ἐκάλεις,

188 4120 203 4154 ιι
220 4099 278 4155 ἀλλ’
294 4098 383 4177 ὥσπερ
402 4097 498 4174 ἀγαθόν
521 4120 547 4155 τι
570 4091 795 4174 διαπεπραγμένος
819 4090 958 4161 ἐξέστηκας

188 4210 204 4242 α
222 4189 274 4244 τῶν
290 4190 387 4265 φρενῶν
403 4185 454 4244 tsi
466 4191 512 4257 τῆς
528 4188 621 4256 ἡδονῆς
634 4185 679 4241 καλ
697 4181 837 4261 στεφάνους
850 4179 893 4238 ἐπί
905 4188 958 4247 τοῖς

189 4299 205 4331 ιι
221 4274 344 4341 τοιούτοις
358 4275 488 4332 ἐπίκεισαι
511 4280 615 4344 κακοῖς,
637 4270 705 4336 τίνος
723 4268 790 4348 ἔχων
806 4268 894 4350 ψυχὴν
910 4275 957 4340 θη-

148 4377 154 4386 ·
189 4386 204 4416 ιι
222 4364 293 4440 ρίου;
308 4387 319 4411 ι
335 4362 463 4426 Κάκεῖνος
474 4358 624 4431 θπολαόὼν,
637 4387 648 4408 ι
660 4359 812 4425 ψιλοῦντος,
825 4354 888 4434 ἔφη,
908 4355 955 4427 τὴν

189 4473 202 4506 ι
219 4451 333 4528 πατρίδα
347 4449 469 4519 πολίτου,
481 4448 526 4505 καί
539 4447 598 4516 τοὺς
608 4449 695 4511 κακῶς
707 4446 773 4522 αὐτῇ
787 4441 957 4521 βουλομένους

189 4562 203 4592 ιι
218 4540 387 4607 κολάζοντος,
402 4535 446 4593 ἐάν
466 4535 489 4592 τ’
504 4535 634 4613 ἀλλότριοι
655 4533 771 4613 τύχωσιν
787 4533 866 4603 αὐτῆς
889 4533 957 4598 ὄντες

188 4650 203 4682 ιι
222 4626 266 4686 ἐάν
279 4629 303 4684 τ’
317 4627 415 4684 οἰκεῖοι·
430 4624 457 4680 ἐν
471 4614 508 4688 οἷς
517 4622 620 4697 τίθεμαι
632 4624 677 4680 καὶ
691 4622 736 4690 σέ,
749 4619 807 4690 ἥτις
822 4619 860 4677 ἐνὶ
874 4624 956 4698 καιρῷ

187 4739 202 4771 α
218 4715 251 4774 τά
266 4714 368 4792 μέγιστ’
384 4713 488 4789 ἀγαθῶν
499 4735 528 4770 τε
540 4710 585 4769 καί
599 4717 685 4771 κακῶν
702 4706 879 4784 συμθεόηκόθ
894 4707 955 4780 ἡμῖν

188 4827 201 4857 ιι
219 4799 437 4881 impetrastis
456 4821 485 4856 τε
507 4799 581 4870 νίκην
604 4802 650 4868 τῆς
668 4797 803 4874 πατρίδος,
824 4794 857 4865 ἣν
877 4796 891 4850 δ
912 4793 956 4857 σὸς

188 4913 203 4943 u
221 4892 329 4970 ἀδελφὸς
354 4889 404 4968 ἐγὼ
427 4887 537 4967 πάρειμι
559 4887 699 4963 κατάγων,
721 4885 766 4942 καὶ
788 4883 833 4941 τδν
846 4880 955 4940 θάνατον

189 4999 203 5029 α
220 4981 270 5032 τῶν
287 4982 421 5058 ἀδελφῶν,
437 4979 484 5035 οὐκ
500 4976 543 5034 ἐπί
558 4982 609 5041 τοῖς
623 4977 742 5050 ἀγαθοῖς,
764 4961 883 5048 ῶμιαρδι
904 4967 951 5037 σὺ,

188 5085 203 5116 ιι
220 5066 272 5128 τοῖς
292 5069 384 5131 κοινοῖς
401 5070 448 5136 τῆς
467 5064 589 5142 πατρίδος
608 5061 723 5140 χαίρεις,
749 5058 802 5117 οὐδ’
832 5055 874 5114 ἐπὶ
894 5061 951 5120 ταῖς

187 5175 203 5206 α
220 5161 362 5229 συμφοραῖς
374 5160 429 5217 ταῖς
442 5152 519 5218 ἰδίαις
534 5155 580 5223 τῆς
594 5150 678 5214 οἰκίας
686 5149 783 5226 ἀλγεῖς,
800 5143 858 5204 ἀλλ’
871 5145 953 5220 ὕπερ-

708 370 877 431 DIONYSll
900 372 1271 434 ttnttcnuuassun‘sls

1016 511 1048 560 ab
1067 512 1158 562 invidia
1173 513 1276 562 fortunae
1292 513 1403 576 accipere
1420 531 1426 561 :
1444 528 1570 578 quaecum
1587 528 1644 565 eum
1660 530 1690 565 ex
1712 528 1787 580 parvo

1016 618 1130 667 magnum
1152 606 1240 668 exiguo
1263 608 1378 670 temporis
1396 607 1474 671 spatio
1491 608 1600 667 lecisset,
1619 608 1691 658 etad
1712 623 1786 660 sum-

1015 712 1084 749 mum
1107 701 1240 764 splendoris
1265 707 1290 752 et
1309 703 1392 765 gloriae
1415 703 1538 767 fastigium
1565 709 1656 768 preter
1674 704 1787 755 omnium

1015 795 1151 858 opinionem
1170 798 1315 857 extulisset,
1333 799 1419 849 eodem
1441 800 1481 849 die
1500 800 1590 850 aillisit
1612 805 1637 850 et
1655 800 1681 850 io
1700 801 1785 865 ingra-

1015 890 1067 938 tam
1088 889 1252 940 calamitatem
1276 892 1309 941 ob
1332 893 1423 942 sororis
1445 893 1537 943 caedem
1567 893 1679 943 coniecit.
1722 895 1785 944 cum

1015 981 1079 1032 euim
1094 983 1124 1032 ad
1142 989 1236 1046 portam
1249 986 1400 1044 accessisset,
1415 1000 1470 1035 cum
1482 987 1554 1036 aliam
1566 988 1666 1037 turbam
1679 1001 1711 1038 ex
1724 989 1786 1038 urbe

1015 1080 1120 1130 ellusnm
1153 1085 1205 1130 tum
1235 1088 1308 1132 ettam
1335 1094 1443 1132 sororem
1474 1086 1611 1133 currentem
1643 1083 1787 1146 conspexit,

1015 1174 1141 1238 primoque
1155 1179 1254 1237 aspectu
1267 1173 1390 1235 turbatus,
1402 1175 1469 1239 quod
1482 1175 1550 1237 virgo
1567 1177 1615 1225 iarn
1634 1177 1724 1226 nubilis
1741 1176 1786 1226 de·

1015 1275 1082 1322 sena
1094 1271 1180 1320 matris
1198 1270 1309 1320 custodia
1326 1271 1405 1321 turbas
1422 1272 1550 1332 incognita
1568 1287 1594 1322 se
1609 1273 1787 1331 commisisset,

1014 1368 1070 1431 post
1087 1366 1178 1416 multas
1203 1365 1321 1415 absurdos
1337 1366 1494 1429 cogitationes
1511 1366 1608 1416 madens
1634 1366 1665 1415 ad
1688 1367 1786 1430 requio-

1014 1477 1054 1515 res
1070 1468 1096 1514 et
1111 1463 1230 1513 humanas
1254 1462 1448 1513 ratiocinationes
1468 1465 1578 1514 animum
1595 1465 1737 1526 inclinarit,
1761 1468 1787 1515 et

1013 1565 1161 1616 existimavit
1172 1578 1225 1615 eam
1236 1603 1242 1625 ,
1255 1565 1319 1628 quod
1333 1564 1411 1628 prima
1419 1567 1516 1615 tratrem
1525 1565 1671 1615 incolumem
1681 1564 1789 1616 salutare

1013 1663 1074 1710 etex
1081 1659 1134 1722 ipso
1145 1673 1290 1722 cognoscere
1300 1657 1372 1709 vellet
1380 1672 1455 1722 quam
1468 1659 1565 1709 lortiter
1573 1660 1784 1710 ceterioccubuis-

1014 1756 1082 1814 sent,
1103 1766 1171 1802 more
1185 1753 1314 1803 mulierum
1329 1752 1445 1803 decomm
1461 1753 1606 1815 neglexisse.
1636 1757 1668 1803 nt
1678 1753 1719 1803 illa
1736 1767 1785 1802 non

1013 1848 1116 1899 trabum
1135 1849 1256 1900 desiderio
1274 1849 1299 1898 in
1312 1849 1377 1899 riam
1389 1850 1510 1900 insolitam
1524 1864 1584 1901 susa
1598 1856 1651 1901 erat
1661 1851 1785 1914 progredi,

1013 1945 1056 1995 sed
1068 1957 1150 1994 amore
1159 1947 1230 2008 capta
1240 1944 1331 1994 utriuse
1341 1945 1506 2004 consobrinis,
1518 1946 1557 1995 cui
1572 1950 1664 2008 epatre
1679 1946 1785 2009 despon-

1014 2041 1066 2088 sata
1078 2039 1170 2097 socrate
1182 2051 1339 2102 amoremque
1346 2052 1418 2088 suum
1426 2039 1543 2090 hacteuus
1551 2041 1729 2102 occultaverat,
1742 2040 1786 2090 sed

1013 2146 1071 2183 cum
1084 2132 1192 2183 audisset
1208 2146 1295 2197 pupae
1313 2138 1441 2195 eventum,
1455 2147 1528 2198 quern
1541 2132 1641 2199 quidam
1650 2147 1682 2183 ex
1697 2134 1788 2183 castris

1013 2242 1126 2279 reversus
1137 2231 1295 2289 renuntiarat,
1306 2245 1352 2279 non
1363 2230 1442 2293 potuit
1452 2230 1554 2293 amptius
1566 2241 1594 2279 se
1604 2228 1742 2288 continere,
1755 2234 1783 2280 et

1012 2326 1085 2376 domo
1101 2326 1201 2388 relicto,
1217 2326 1296 2379 instar
1313 2328 1464 2378 Baccharum
1476 2325 1508 2376 ad
1530 2330 1626 2390 portam
1648 2324 1782 2386 terebatur,

1012 2423 1134 2471 nutricem
1149 2425 1301 2473 revocantem
1320 2436 1351 2472 ao
1371 2423 1538 2484 insequentem
1560 2420 1620 2470 nibil
1639 2419 1783 2484 respiciens.

1013 2526 1116 2585 tupessa
1129 2526 1211 2574 autem
1231 2537 1262 2574 ex
1284 2523 1344 2573 urbe
1364 2536 1420 2572 cum
1441 2523 1541 2573 tratrem
1554 2494 1719 2586 conspuuissci
1736 2534 1784 2572 cx·

1013 2617 1144 2668 scitantem
1162 2621 1187 2668 et
1205 2616 1315 2668 victoriae
1343 2617 1439 2666 coronis
1459 2619 1585 2674 ornatum,
1612 2615 1704 2680 qrribus
1727 2629 1787 2667 eum

1014 2736 1056 2773 ren
1091 2728 1234 2785 coronaret,
1270 2723 1372 2784 eiusque
1401 2720 1497 2772 sodales
1526 2722 1631 2772 leraates
1660 2735 1781 2774 cesorum

1013 2818 1103 2883 spolia,
1129 2818 1194 2868 inter
1215 2829 1271 2880 qua
1293 2820 1346 2866 erat
1370 2814 1568 2879 paludamentum
1592 2815 1695 2879 pictum,
1717 2817 1784 2879 quod

1013 2915 1064 2978 ipsa
1082 2915 1211 2965 adiurante
1228 2917 1306 2963 nostre
1321 2911 1457 2963 coniecerat
1472 2916 1498 2960 et
1515 2925 1604 2974 sponso
1622 2925 1666 2975 pro
1678 2913 1781 2975 nuptiali

1011 3011 1076 3060 dono
1092 3010 1190 3060 miserat
1211 3009 1305 3070 (moris
1329 3009 1394 3058 enim
1417 3011 1457 3057 est
1477 3007 1566 3056 Latinis
1585 3011 1613 3056 ut
1633 3007 1714 3070 proci,
1738 3013 1784 3071 qui

1012 3105 1142 3156 mulierum
1166 3104 1262 3168 nuptias
1293 3103 1418 3162 ambiunt,
1448 3101 1621 3166 paludamento
1644 3101 1711 3167 picto
1741 3104 1780 3154 in-

1012 3202 1152 3264 duantur);
1175 3201 1218 3250 ubi
1234 3201 1282 3251 hoc
1300 3200 1376 3263 igitur
1389 3199 1585 3262 paludamentum
1601 3200 1717 3261 anguine
1732 3202 1782 3248 lm·

1012 3301 1097 3351 datum
1117 3299 1250 3362 conspexit,
1263 3297 1363 3361 pallium
1386 3296 1511 3357 laceravit,
1533 3299 1560 3346 et
1581 3299 1685 3359 utraque
1703 3310 1779 3345 rrranu

1012 3400 1097 3459 pectus
1120 3394 1226 3445 tundens
1248 3392 1361 3457 lugebat,
1391 3378 1416 3442 et
1444 3391 1616 3441 consobrinum
1647 3390 1781 3441 identidem

1011 3488 1131 3548 vocabat,
1156 3489 1191 3538 ita
1218 3491 1246 3538 ut
1265 3500 1350 3538 omnes
1372 3486 1414 3549 qui
1443 3486 1545 3535 ademnt
1573 3485 1783 3550 obstupescerent.

1012 3587 1105 3636 bellete
1127 3590 1211 3636 autem
1234 3584 1317 3650 sponsi
1340 3586 1433 3642 morte,
1460 3582 1516 3631 lixis
1541 3581 1683 3632 introirem
1700 3582 1783 3632 oculis

1012 3682 1066 3731 baec
1083 3682 1171 3731 ellatur
1187 3696 1194 3725 ι
1212 3700 1225 3725 ι
1249 3683 1270 3730 0
1294 3678 1465 3729 scelestissime
1487 3676 1643 3736 mortalium,
1671 3676 1784 3726 exsultas

1012 3797 1025 3823 ι
1041 3779 1107 3844 quod
1122 3777 1277 3828 consobrinos
1296 3775 1461 3835 interfeceris,
1479 3788 1566 3837 meque
1587 3778 1654 3824 tuorn
1668 3787 1778 3824 sororem

1012 3872 1203 3923 «miserrimam
1225 3871 1316 3935 nuptiis
1334 3869 1443 3926 orbaris,
1466 3881 1481 3917 o
1511 3868 1614 3918 infelix!
1636 3867 1728 3918 nibilua
1751 3870 1780 3919 tc

1012 3986 1024 4010 o
1039 3968 1138 4018 miseret
1150 3971 1308 4029 cognatorum
1319 3977 1447 4024 cesorum,
1459 3976 1521 4026 quos
1531 3963 1619 4012 tratres
1630 3961 1779 4026 appellabas.

1012 4082 1023 4104 ι
1039 4063 1080 4112 sed
1098 4061 1168 4124 quasi
1189 4061 1334 4124 prreciarum
1354 4058 1451 4122 aliquod
1476 4058 1571 4108 lacinus
1592 4057 1705 4121 petraria,
1730 4070 1780 4122 pras

1011 4155 1128 4218 «gaudio
1149 4156 1237 4206 mentis
1259 4167 1286 4204 es
1306 4153 1399 4217 impos,
1419 4158 1443 4204 et
1463 4153 1488 4204 in
1506 4154 1582 4204 tantis
1600 4155 1784 4206 calamitatibus

1011 4269 1023 4292 ι
1038 4253 1167 4299 coronatus
1187 4247 1294 4298 incedis?
1313 4247 1441 4298 cuiusnam
1465 4247 1521 4297 iero
1537 4247 1644 4296 animum
1663 4247 1780 4298 nabeo„

1010 4346 1056 4396 cui
1065 4345 1105 4395 ille
1115 4345 1239 4409 respondit
1254 4363 1261 4392 z
1275 4365 1286 4386 ι
1306 4346 1383 4394 immo
1396 4356 1455 4392 vero
1471 4341 1532 4391 ciris
1551 4343 1655 4404 patriam
1665 4344 1781 4404 amantis,

1012 4464 1024 4488 ι
1038 4447 1064 4494 et
1075 4456 1118 4492 eos
1135 4443 1176 4505 qui
1198 4441 1261 4491 rnale
1282 4442 1305 4491 ci
1325 4441 1411 4491 volunt
1430 4438 1584 4497 ulciscentis,
1597 4440 1649 4487 sive
1661 4443 1781 4499 externos,

1011 4564 1022 4587 ι
1039 4545 1089 4594 sire
1112 4544 1267 4593 domesticos.
1300 4545 1327 4592 ln
1349 4557 1397 4604 qao
1412 4553 1515 4591 numero
1534 4546 1558 4589 te
1581 4554 1679 4604 quoque
1699 4555 1780 4604 pono,

1010 4665 1022 4689 ι
1042 4657 1097 4707 quae
1112 4658 1162 4693 uno
1177 4642 1313 4706 eodemque
1325 4647 1446 4704 tempore,
1459 4652 1514 4687 cum
1529 4640 1670 4701 cognoveris
1680 4642 1780 4689 etsum·

1009 4767 1021 4791 ι
1037 4759 1077 4796 ma
1088 4744 1150 4794 bona
1168 4747 1193 4793 et
1210 4754 1305 4792 summa
1322 4740 1386 4790 mala
1405 4752 1462 4803 qua
1473 4737 1543 4787 nobis
1561 4739 1712 4799 acciderunt,
1731 4738 1782 4788 ric·

1010 4868 1021 4888 a
1037 4847 1126 4897 loriam
1145 4842 1231 4904 patriae
1242 4845 1346 4903 partam,
1360 4851 1433 4900 quam
1451 4849 1496 4899 ego
1508 4836 1583 4886 irater
1599 4842 1657 4886 tuns
1670 4841 1777 4900 reporto,

1010 4948 1060 4992 set
1085 4943 1190 4990 lrotrum
1211 4937 1317 4996 caedem,
1342 4939 1436 4989 tamen,
1464 4947 1478 4981 ο
1501 4933 1619 4992 scelesta,
1647 4942 1726 4993 neque
1746 4929 1779 4976 ob

1009 5065 1021 5088 a
1039 5040 1160 5107 publicam
1169 5036 1255 5102 patrico
1268 5033 1408 5084 ielicitntem
1422 5031 1522 5092 tartaris
1536 5045 1616 5095 nequo
1626 5030 1657 5079 ob
1669 5026 1778 5091 privatos

1009 5165 1021 5188 a
1037 5144 1124 5193 domus
1146 5136 1297 5190 calamitates
1320 5132 1406 5194 doles,
1427 5130 1470 5181 sed
1490 5128 1637 5194 contemptis
1656 5125 1773 5175 tratribus
