3772 5828
584 384 873 458 autteutrsttjst
896 383 1045 444 ROMAN.
1067 381 1140 441 Ltu.
1165 381 1203 442 X.

89 551 161 604 μενοι
174 527 238 602 πρὸς
254 523 329 580 αὑτὸν
347 520 451 590 ἥκοιεν·
467 517 557 575 ἔπειτα
574 515 788 594 προσδραμόντος
802 516 869 583 τινδς

87 613 132 671 καλ
144 608 314 674 κελεύσαντος
328 604 505 685 κοσμιώτερον
518 602 611 662 ἑαυτὸν
625 606 748 676 ποιῆσαι,
764 606 866 682 παρελ-

88 700 137 760 θὼν
155 704 190 766 είς
209 698 258 770 τὴν
284 695 403 767 καλύόην
430 694 476 753 καὶ
503 692 698 775 ἀμφιασάμενος
724 694 864 772 προῆλθεν.

87 790 124 849 Oi
138 789 159 846 δ’
178 785 277 857 ἐπὶτὴν
293 784 447 864 παράληψιν
465 783 545 840 αὑτοῦ
565 783 692 863 παρόντες
712 780 868 852 ἧσπάσαντό

48 910 60 945 ι,
88 903 117 938 τε
132 877 265 950 ἅπαντες,
279 877 326 934 οὐκ
341 876 370 933 ἐκ
386 878 433 932 τοῦ
453 871 580 948 ὀνόματος
603 870 673 929 ἀλλά
694 869 806 947 ύπατον,
823 871 868 929 καί

89 967 136 1038 rip
152 964 345 1046 περιπόρφυρον
366 962 463 1034 ίσθῆτα
485 960 652 1041 περιέθεσαν,
672 960 731 1026 τούς
748 983 776 1018 τε
791 960 868 1018 πελέ-

89 1078 144 1121 κεις
154 1055 198 1112 καὶ
214 1053 298 1111 τάλλσι
310 1049 460 1130 παράσημα
475 1051 521 1118 τῆς
536 1051 622 1128 ἀρχῆς
636 1047 865 1127 παρασπάσαντες,

91 1147 241 1204 ἀκολουθεῖν
259 1143 295 1208 εἰς
307 1140 354 1214 aba
371 1138 447 1199 πόλιν
468 1136 565 1209 ἠξίουν.
610 1139 750 1226 ίίάκεῐνος,
775 1135 867 1215 μικρὸν

92 1229 208 1312 ἐπισχὼν
226 1229 270 1287 καὶ
284 1227 430 1307 δακρύσας,
454 1231 578 1285 τοσοῦτον
602 1227 692 1282 εἶπεν·
714 1249 726 1273 ιι
740 1222 868 1300 Ἀσπορον

38 1348 64 1385 10
92 1347 105 1374 ιι
120 1300 172 1400 ἀρά
185 1341 229 1395 μοι
246 1317 276 1376 τδ
290 1316 388 1397 χωρίον
403 1314 478 1374 ἔσται
499 1319 590 1371 τοῦτον
610 1314 655 1370 τόν
677 1312 809 1384 ἐνιαυτὸν,
824 1310 869 1367 καὶ

93 1438 105 1462 ι
121 1408 321 1483 κινδυνεύσομεν
336 1409 388 1483 οὐχ
401 1405 465 1473 ἕξειν
487 1402 578 1461 ὁπόθεν
595 1403 790 1482 διατραρῶμεν·
807 1426 819 1450 n
830 1434 870 1443 -

90 1494 207 1560 Ἔπειτα
229 1494 417 1571 ἀσπασάμενος
435 1493 481 1565 τὴν
507 1499 637 1570 γυναῖκα,
657 1489 703 1548 καί
724 1491 776 1547 τῶν
798 1487 869 1546 ἔνδον

92 1589 273 1663 ἐπιμελεῖσθαι
300 1581 495 1662 παραγγείλας,
525 1579 610 1663 ᾤχετο
636 1583 671 1643 είς
704 1578 753 1649 τὴν
780 1575 867 1636 πόλιν.

91 1679 187 1737 Ταῦτα
201 1674 229 1733 δὲ
244 1675 295 1751 οὐχ
319 1669 407 1750 ἑτέρου
426 1670 494 1737 τινός
517 1670 596 1750 χάριν
618 1667 700 1726 εἰπεῖν
716 1664 868 1745 προήχθην,

34 1784 65 1824 to
93 1761 209 1822 ἀλλ’ἵνα
228 1760 339 1842 φανερόν
362 1757 470 1836 γίνηται
491 1766 588 1834 πᾶσιν,
604 1747 654 1817 οἶοι
680 1754 739 1814 τότε
762 1745 830 1826 ἦσαν
845 1755 869 1811 ot

93 1854 139 1921 τῆς
154 1847 298 1924 Ῥωμαίων
317 1846 417 1913 πόλεως
441 1845 643 1927 προεστηκότες,
671 1847 706 1908 ὡς
732 1840 869 1921 αὐτουργοί

94 1938 139 1998 καλ
156 1937 286 2018 σώρρονις
300 1935 346 1995 καλ
362 1934 454 1995 πενίαν
468 1934 571 1993 δικαίαν
585 1936 614 1991 ού
630 1930 813 2012 βαρυνόμενοι,
824 1931 870 1988 καί

96 2026 234 2108 βασιλικὰς
250 2027 279 2086 οὗ
295 2024 430 2092 διώκοντες
445 2024 578 2098 ἐξουσίας,
591 2021 660 2081 ἀλλά
676 2021 720 2079 καί
734 2019 869 2095 διδομίνας

96 2116 275 2192 ἀναινόμενοι·
290 2113 453 2196 φανήσονται
474 2114 526 2196 γδρ
548 2110 606 2171 οὐδὲ
629 2110 697 2169 κατδι
713 2108 806 2191 μικρδν
822 2109 872 2167 ἔοι-

40 2224 68 2261 ιο
94 2203 167 2270 κότες
189 2201 330 2269 ἐκείνοιςοί
348 2207 409 2276 νῦν,
431 2200 501 2260 ἀλλά
521 2198 648 2260 τάναντία
668 2198 755 2257 πάντα
781 2199 872 2268 ἐπιτη·

95 2292 229 2365 δεύοντες,
254 2290 322 2362 πλὴν
341 2291 412 2351 πάνυ
426 2290 537 2370 ὀλίγων,
550 2291 582 2349 δι’
603 2288 647 2354 οὓς
662 2287 770 2358 ἕστηκεν
788 2286 826 2343 ἔτι
843 2285 872 2343 τδ

94 2383 141 2450 τῆς
175 2379 275 2446 πόλεως
300 2377 403 2453 ἀξίωμα
427 2375 473 2435 καί
495 2375 574 2443 σώζει
600 2385 649 2446 την
674 2373 739 2453 πρὸς
761 2374 873 2439 ἐκείνους

95 2468 154 2530 τοὺς
172 2467 268 2546 ἀνδρας
292 2465 446 2541 ὁμοιότητα.
503 2463 584 2522 ’stit
610 2464 672 2543 περὶ
700 2462 747 2539 μίν
770 2460 870 2520 τούτων

97 2553 166 2622 tte.

42 2671 69 2707 ar
138 2644 241 2703 XVIII.
264 2640 298 2702 ‘0
313 2640 340 2699 δὲ
358 2635 476 2707 Κοίντιος
488 2638 653 2721 παραλαύδιν
668 2636 717 2712 τὴν
733 2638 873 2717 ὑπατείαν,

98 2734 201 2813 πρῶτον
215 2729 262 2808 μίν
274 2729 373 2788 ἔπαυσε
386 2729 444 2797 τοὺς
459 2730 613 2811 δημάρχους
626 2733 678 2788 τῶν
692 2731 785 2788 κοινῶν
800 2731 874 2788 πολι·

98 2820 237 2896 τευμάτων
256 2818 301 2878 καλ
322 2822 368 2890 τῆς
383 2819 426 2878 ἀπὶ
442 2822 481 2900 τῷ
500 2819 572 2900 νόμῳ
595 2821 726 2893 σπουδῆς,
741 2818 874 2900 προειπὼν

98 2911 144 2980 ὣς,
162 2912 185 2967 εί
206 2907 244 2984 μὴ
259 2907 406 2968 παύσονται
427 2907 599 2989 ταράττοντες
614 2907 660 2980 τὴν
676 2909 768 2982 πόλιν,
781 2908 874 2979 ἀπάξει

99 2997 249 3075 Ῥωμαίους
273 2996 393 3064 ἀπαντας
409 3000 438 3056 ἐκ
452 3002 499 3070 τῆς
514 2998 632 3072 πόλεως,
649 2997 789 3078 στρατείαν
804 2998 874 3059 κατά

46 3094 72 3131 3⁰
99 3088 274 3165 Οὐολούσκων
290 3088 482 3167 παραγγειλας.
514 3085 593 3148 Ἐπεί
607 3086 634 3145 δὲ
653 3086 780 3148 κωλύσειν
796 3089 874 3148 αὐτὸν

100 3178 187 3255 ἔλεγον
204 3182 228 3236 ot
246 3176 379 3257 δήμαρχοι
398 3182 512 3256 στρατοῦ
527 3181 657 3236 ποιεῖσθαι
682 3176 873 3260 καταγραρὴν,

101 3265 255 3346 συναγαγὼν
278 3267 307 3325 τὸ
329 3269 427 3337 πλῆθος
449 3268 485 3331 εἰς
501 3265 643 3338 ἐκκλησίαν
670 3256 758 3325 εἶπεν·
784 3263 876 3326 «Ὅτι

102 3384 114 3408 ιι
129 3357 225 3422 πάντες
249 3356 405 3432 δμωμόκασι
429 3356 475 3414 τόν
491 3356 677 3434 στρατιωτικόν
696 3356 793 3435 όρκον,
808 3358 875 3415 ἀκο-

103 3472 116 3497 ·
129 3444 264 3514 λουθήσειν
287 3453 340 3512 τοῖς
360 3444 469 3510 ὑπάτοις
493 3445 533 3525 ἐρ’
555 3443 597 3511 obe
622 3443 654 3501 ἀν
685 3448 802 3523 ἡγῶνται
822 3468 874 3504 πο-

47 3539 73 3577 ³5
105 3560 117 3585 ι
134 3533 254 3607 λεμίους,
269 3533 315 3590 καί
329 3533 396 3609 μήτε
410 3532 561 3614 ἀπολείψειν
574 3532 607 3590 τδι
619 3537 717 3610 σημεῖα
730 3533 797 3609 μήτε
813 3533 879 3593 ἀλλο

104 3620 238 3699 «πράξειν
261 3623 340 3698 μηθὲν
367 3621 483 3680 ἐναντίον
497 3625 536 3702 τῷ
559 3623 644 3703 νόμῳ·
668 3621 832 3703 παραλαόὼν
848 3622 875 3681 δὲ

106 3739 117 3762 ι
133 3708 180 3780 τὴν
192 3708 322 3778 ὑπατικὴν
337 3707 473 3780 ἐξουσίαν,
488 3710 563 3777 αὐτὸς
577 3709 648 3792 ἔχειν
664 3710 713 3791 ἔρη
730 3709 877 3791 κρατουμέ-

105 3827 117 3851 ιι
132 3821 190 3863 νους
215 3795 333 3864 ἅπαντας
350 3806 403 3863 τοῖς
417 3797 513 3876 ὅρκοις.
532 3825 544 3850 υ
567 3833 608 3845 -
632 3798 725 3860 Εἰπὼν
747 3800 774 3860 δὲ
793 3805 876 3861 ταῦτα

104 3887 149 3946 καὶ
165 3887 353 3963 διομοσάμενος
363 3886 510 3966 χρήσεσθαι
522 3890 559 3967 τῷ
570 3888 643 3968 νόμῳ
655 3889 723 3947 κατά
736 3893 787 3947 τῶν
801 3892 875 3948 ἀπει·

49 3983 76 4019 ⁴⁰
105 3974 231 4048 θούντων,
246 3973 380 4034 ἐκέλευσεν
397 3977 426 4032 ίκ
441 3979 493 4033 τῶν
507 3977 583 4056 ἱερῶν
595 3976 627 4034 τλι
640 3985 738 4051 σημεῖα
753 3977 873 4058 καταρί·

105 4088 174 4144 ρειν·
192 4093 204 4114 ιι
219 4063 273 4125 Καί
287 4063 348 4139 ἵνα,
365 4063 431 4145 ίρη,
448 4073 536 4123 πᾶσαν
553 4068 688 4141 ἀπογνῶτε
704 4067 878 4144 δημαγωγίαν

105 4183 117 4205 ιι
131 4153 175 4213 ἐπὶ
190 4157 236 4224 τῆς
251 4156 316 4229 ἐμῆς
331 4153 471 4224 ὑπατείας,
486 4155 516 4213 ού
534 4152 660 4233 πρότερον
675 4156 818 4224 ἀναστήσω
833 4157 877 4215 τδν

104 4271 116 4294 ιι
132 4243 243 4321 στρατὸν
265 4244 294 4299 ἐκ
306 4244 355 4309 τῆς
369 4242 513 4317 πολεμίας,
530 4244 591 4323 πρὶν
610 4243 693 4315 ἢπῖς
708 4249 723 4304 δ
737 4252 783 4317 τῆς
797 4249 881 4326 ἀρχῆς

105 4358 117 4383 ιι
133 4354 177 4408 μοι
191 4331 278 4410 διέλθῃ
293 4328 396 4410 χρόνος.
439 4327 489 4396 Ὧς
504 4322 548 4390 οὑν
564 4336 589 4391 ἐν
600 4332 720 4414 ὑπαίθρῳ
734 4336 880 4413 χειμάσον-

50 4433 77 4469 ⁴⁵
106 4448 118 4473 ιι
132 4444 173 4489 τες
185 4419 422 4502 παρασκευάσασθε
437 4418 472 4479 τά
485 4423 520 4488 τίς
535 4424 631 4482 ἐκεῖνον
648 4422 691 4481 τδν
707 4425 797 4503 καιρὸν
819 4426 878 4483 ίπι-

106 4537 118 4561 ιι
134 4510 235 4580 πόδεια.
249 4539 261 4563 υ
273 4543 315 4556 ·-
333 4509 446 4578 Τούτοις
465 4510 701 4589 καταπληξάμενος
722 4509 815 4579 αὐτούς
830 4513 882 4578 τοῖς

103 4597 207 4674 λόγοις,
220 4601 312 4673 ἐπειδὴ
329 4601 524 4683 κοσμιωτέρους
541 4591 592 4662 εἶδε
605 4604 744 4679 γεγονότας
760 4600 807 4662 καὶ
821 4602 880 4662 δεο-

106 4684 198 4760 μίνους
210 4688 337 4765 ἀφεθῆναι
352 4694 398 4761 τῆς
415 4691 570 4772 στρατείας,
589 4690 633 4751 tut
647 4690 747 4759 τούτοις
763 4689 812 4771 ίρη
826 4713 881 4771 χα·

107 4777 216 4854 ριεῑσθαι
227 4775 273 4841 τδις
284 4779 439 4847 ἀναπαύλας
449 4784 500 4839 τῶν
510 4777 652 4852 πολέμων,
670 4769 741 4860 ἀρ’ίμ
756 4804 784 4841 τε
799 4779 881 4856 μηθὲν

50 4860 78 4898 ⁶⁰
105 4862 145 4922 ἔτι
166 4872 320 4940 παρακινεῖν
343 4868 449 4943 αύτούς,
466 4868 526 4928 ἀλλ’
539 4870 585 4927 ἐᾶν
606 4867 683 4927 αὐτόν
699 4872 734 4935 ὡς
758 4868 882 4947 βούλεται

104 4950 153 5023 τὴν
168 4951 254 5029 ἀρχὴν
268 4954 388 5024 τελίσαι,
405 4958 450 5015 καὶ
471 4958 514 5017 ἐπὶ
535 4960 573 5037 τῷ
585 4956 619 5015 τά
633 4957 722 5015 δίκαια
739 4956 837 5015 διδόναι
853 4979 882 5015 τε

104 5041 149 5097 καὶ
164 5038 312 5113 λαμόάνιιν
327 5044 390 5120 παρ’
408 5045 540 5116 ἀλλήλων.

145 5130 222 5192 th.
248 5129 434 5197 Καταστάντος
459 5131 486 5191 δλ
504 5136 550 5192 τοῦ
574 5132 701 5214 θορύόου,
724 5131 883 5214 δικαστήριά

105 5241 133 5278 τε
147 5219 272 5280 ἀπεδίδου
287 5226 340 5286 τοῖς
354 5218 486 5296 δεομίνοις
499 5224 530 5283 tx
542 5224 646 5283 πολλῶν
663 5221 880 5306 παριιλκυσμάνα

1640 389 1702 453 599

921 525 1028 580 nomine,
1042 523 1085 573 sed
1108 522 1235 572 consutam
1257 523 1406 582 salutarunt,
1429 539 1589 590 purpuraque
1613 530 1702 583 indue-

922 631 991 689 runt,
1015 631 1039 677 et
1049 627 1130 677 altatis
1144 641 1173 676 eo
1193 627 1331 687 sumtibus,
1355 628 1460 692 aliisque
1475 631 1637 694 magistratus
1648 637 1705 689 insi-

922 737 1018 800 gnibus,
1038 741 1066 786 ut
1091 737 1116 787 io
1132 738 1220 789 urbem
1251 742 1407 802 sequeretur,
1435 747 1562 805 rogarunt.
1591 746 1635 798 tite
1657 750 1704 801 ali·

922 840 1068 906 quantisper
1093 842 1216 904 obticuit,
1241 842 1352 906 tusisque
1380 843 1512 915 tacmmis,
1539 849 1585 899 troc
1608 855 1704 904 tantum

922 944 988 995 eiixit
1002 962 1033 995 :-
1052 949 1116 1010 Ergo
1129 948 1224 1011 agetius
1243 961 1314 998 meus
1334 947 1382 998 hoc
1406 965 1470 1001 anno
1492 959 1611 1018 sergetur,
1625 963 1652 1008 et
1673 959 1705 1010 de

924 1069 937 1091 ιι
948 1049 1018 1099 victu
1039 1049 1234 1113 periclitabimur
1263 1071 1275 1095 ιι
1295 1051 1390 1103 Deinde
1404 1055 1514 1106 satutata
1525 1072 1609 1121 uxore,
1619 1061 1705 1124 jussa·

923 1167 971 1217 que
985 1154 1020 1206 rei
1042 1154 1171 1207 familiaris
1191 1172 1276 1208 curam
1292 1172 1388 1222 gerere,
1402 1161 1428 1211 in
1445 1163 1530 1215 urbem
1548 1166 1601 1217 ivit.
1632 1168 1706 1219 ‚tutta

924 1266 1007 1312 autem
1021 1263 1069 1313 otiu
1085 1265 1116 1315 de
1126 1278 1215 1315 caussa
1234 1266 1314 1316 oratio
1331 1281 1387 1319 rnea
1403 1269 1454 1320 huc
1467 1276 1506 1322 est
1517 1279 1643 1337 prouecta,
1658 1277 1705 1327 nisi
1786 1252 1789 1261 Ι

925 1372 954 1419 ut
972 1384 1059 1421 omnes
1090 1377 1265 1433 cognoscerent
1287 1374 1427 1435 maniteste,
1454 1378 1540 1441 quates
1570 1385 1653 1432 essent
1676 1397 1706 1434 ea

924 1477 999 1526 astate
1012 1475 1097 1540 popuii
1108 1477 1210 1527 Romani
1220 1478 1343 1544 principes
1356 1498 1362 1530 r
1381 1483 1509 1533 nimirum
1521 1484 1648 1548 tornines,
1661 1488 1705 1552 qui

925 1578 979 1629 suis
993 1578 1110 1629 manibus
1123 1580 1218 1631 rictum
1239 1588 1393 1647 quererent,
1419 1586 1462 1650 qui
1481 1590 1649 1653 temperantes
1669 1606 1707 1642 es·

927 1690 990 1742 sent,
1009 1700 1053 1736 nec
1068 1686 1162 1748 iustam
1181 1693 1350 1754 paupertatem
1364 1698 1465 1757 grauate
1480 1695 1587 1757 terrent,
1600 1712 1645 1747 nec
1668 1714 1707 1750 re·

927 1789 990 1852 giam
1004 1793 1155 1853 potestatem
1181 1791 1346 1857 attentarent,
1362 1795 1405 1845 sed
1418 1796 1493 1846 etiam
1506 1797 1615 1848 obtutam
1637 1814 1708 1865 repu-

927 1894 1032 1947 diarent.
1066 1898 1107 1948 Sic
1117 1897 1183 1948 enim
1199 1900 1327 1964 apparebit
1340 1904 1432 1952 nostrae
1447 1904 1529 1952 aetatis
1543 1904 1657 1954 homines
1677 1922 1709 1957 ne

929 2001 968 2050 vel
984 2000 1104 2052 mininum
1115 2003 1215 2067 quidem
1232 2004 1288 2054 ittos
1303 2003 1407 2066 reterre,
1420 2007 1463 2056 sed
1475 2012 1561 2058 contra
1576 2010 1647 2073 longe
1659 2010 1709 2060 atta

932 2105 1015 2155 studia
1035 2108 1136 2167 sectari,
1149 2111 1239 2171 praeter
1264 2123 1399 2174 perpaucos
1422 2111 1551 2175 quosdam,
1572 2112 1615 2175 qui
1627 2113 1709 2165 adbuc

929 2211 1026 2276 Imperii
1040 2215 1142 2265 Romani
1157 2215 1302 2281 dignitatem
1318 2217 1451 2277 sustinent,
1465 2223 1490 2269 et
1504 2220 1641 2284 prisoorum
1654 2222 1710 2273 itto-

929 2331 986 2368 rum
999 2319 1083 2369 adbuc
1097 2324 1156 2370 sunt
1168 2319 1271 2371 similes.
1302 2321 1351 2372 Sed
1360 2321 1391 2373 de
1405 2323 1445 2373 his
1454 2323 1582 2375 hactenus.

963 2664 1052 2712 xviri.
1071 2663 1198 2724 Quintius,
1220 2664 1281 2714 inito
1304 2665 1464 2730 magistratu,
1489 2667 1711 2732 primumquidero

931 2753 1087 2803 tribunorum
1102 2767 1165 2803 nova
1184 2755 1299 2805 instituta
1320 2755 1431 2815 sedavit,
1451 2771 1587 2823 eorumque
1600 2759 1661 2821 tegis
1677 2759 1712 2810 te·

933 2841 1015 2892 rendae
1024 2842 1136 2893 studium
1157 2844 1282 2907 repressit,
1296 2845 1405 2896 minatus
1418 2848 1425 2901 t
1431 2846 1489 2897 nisit
1508 2847 1636 2899 civitatem
1658 2853 1712 2900 tur-

932 2933 992 2984 bare
1001 2932 1149 2995 desiissent)
1165 2949 1191 2984 se
1203 2948 1289 2985 omnes
1303 2935 1370 2986 cives
1383 2939 1518 2997 Romanos,
1529 2939 1619 2989 initiata
1639 2953 1713 3005 expe·

932 3023 1024 3074 ditioue
1038 3029 1125 3074 contra
1137 3024 1247 3083 Volscos,
1262 3038 1292 3075 ex
1309 3027 1371 3077 urbe
1386 3027 1563 3079 abducturum.
1596 3029 1713 3082 Tribunis

933 3130 993 3167 vero
1005 3116 1150 3180 negantibus
1166 3131 1192 3167 se
1210 3131 1328 3182 passuros
1342 3117 1454 3169 detectus
1468 3119 1564 3180 baberi,
1579 3121 1670 3185 populo
1681 3123 1712 3172 ad

933 3209 1075 3258 concionem
1100 3211 1234 3268 covoeato,
1257 3208 1320 3258 dirit
1336 3222 1423 3260 ornnes
1441 3210 1540 3260 militari
1559 3218 1713 3265 sacramento

934 3312 989 3349 sese
1001 3298 1171 3360 obstrinxisse,
1197 3311 1246 3363 quo
1266 3299 1441 3361 promiserant,
1469 3302 1519 3351 tore
1536 3306 1565 3351 ut
1585 3316 1719 3367 sequeren-

934 3394 977 3441 tur
988 3391 1115 3447 eousutes,
1133 3389 1166 3439 ad
1187 3403 1343 3454 quaecunque
1363 3390 1520 3442 betlaroeati
1536 3393 1650 3455 tuissent,
1667 3406 1713 3444 nec

934 3481 1004 3544 signa
1012 3481 1162 3538 desererent,
1176 3493 1220 3528 nee
1234 3480 1283 3530 ulta
1293 3481 1340 3531 alia
1360 3482 1384 3531 in
1399 3496 1426 3533 re
1443 3484 1533 3547 populo
1550 3484 1712 3536 adversaren-

935 3578 986 3624 tur.
1018 3572 1121 3623 Dicebat
1143 3576 1225 3622 outem
1263 3576 1320 3636 post
1345 3574 1454 3626 delatam
1487 3576 1534 3626 sibi
1549 3578 1714 3629 'consularem

935 3669 1083 3733 potestatem
1097 3678 1124 3714 se
1135 3678 1221 3715 omnes
1232 3680 1262 3716 eo
1277 3671 1431 3718 sacramento
1452 3669 1499 3719 sibi
1522 3670 1653 3722 obstrictos
1666 3672 1714 3723 ba-

935 3760 1002 3810 bere.
1036 3759 1213 3819 Haeclocutus,
1232 3759 1381 3823 juratusque
1401 3773 1428 3809 se
1443 3774 1472 3809 ex
1489 3759 1586 3823 legibus
1605 3761 1716 3812 animad-

936 3866 1067 3904 rersorom
1079 3850 1279 3916 incontumaces,
1292 3853 1360 3917 signa
1373 3866 1387 3902 e
1401 3853 1501 3917 templis
1514 3853 1715 3917 proterrijussit;

936 3965 950 3989 ι
964 3948 1041 4010 atque
1056 3943 1155 4009 (iuquit)
1169 3948 1198 3993 ut
1209 3958 1307 3994 omnem
1324 3958 1392 4009 spem
1407 3945 1518 3994 omnium
1529 3945 1716 3997 tribunitiarum

936 4058 950 4083 ιι
962 4037 1088 4088 actionum
1104 4049 1144 4086 me
1159 4035 1261 4085 consuis
1273 4035 1412 4098 deponat-is,
1426 4035 1561 4086 exercitum
1575 4050 1607 4086 ex
1620 4036 1716 4087 bestico

937 4152 950 4177 ιι
962 4147 1011 4184 non
1021 4133 1090 4198 prius
1098 4130 1222 4188 reducam,
1234 4142 1311 4193 quam
1325 4131 1407 4178 totum
1417 4127 1465 4178 mei
1479 4129 1639 4192 magistratus
1650 4132 1713 4180 tem·

937 4245 949 4269 ι
962 4239 1009 4290 pus
1023 4227 1055 4278 sit
1076 4228 1197 4276 exactum.
1226 4225 1389 4287 Quapropter,
1410 4227 1439 4272 ut
1452 4222 1477 4273 io
1490 4224 1579 4277 castris
1596 4222 1716 4285 hyberna·

936 4340 948 4363 ιι
962 4319 1021 4379 turi,
1038 4333 1078 4370 res
1089 4318 1121 4370 ad
1135 4318 1198 4368 iliud
1212 4321 1311 4381 tempus
1328 4316 1478 4367 necessarias
1495 4320 1587 4380 parate.
1603 4337 1614 4360 n
1632 4320 1716 4374 Quum

935 4411 1071 4461 autembis
1094 4410 1177 4461 verbis
1199 4423 1242 4460 eos
1266 4408 1413 4469 terruisset,
1434 4412 1564 4472 postquam
1592 4407 1654 4456 uidit
1673 4420 1717 4457 eos

935 4505 1097 4556 modestiores
1120 4504 1207 4567 tactos,
1228 4508 1254 4555 et
1272 4518 1356 4568 rogaro
1366 4506 1395 4552 ut
1405 4501 1452 4551 sibi
1468 4502 1531 4550 trane
1544 4500 1655 4549 mititiam
1676 4512 1717 4549 re·

935 4598 1055 4660 mitteret,
1082 4597 1142 4647 dixit
1164 4612 1191 4648 se
1209 4598 1257 4648 bac
1269 4596 1408 4647 conditione
1425 4594 1519 4643 miiitiae
1534 4591 1715 4641 immunitatem

936 4690 984 4741 iilis
1002 4691 1164 4756 largiturum,
1182 4693 1211 4739 ut
1235 4689 1314 4739 nutias
1336 4688 1422 4737 turbas
1439 4686 1546 4749 amptius
1569 4682 1715 4741 excitarent,

936 4779 1032 4846 sibique
1047 4785 1147 4844 tempus
1172 4778 1211 4828 sui
1232 4778 1392 4841 magistratus
1420 4775 1543 4826 arbitratu
1566 4784 1611 4818 arro
1632 4767 1716 4817 absol·

936 4891 996 4928 vere
1007 4877 1197 4941 permitterent,
1215 4879 1240 4926 et
1253 4875 1317 4925 iuter
1336 4889 1362 4925 se
1376 4874 1407 4924 de
1419 4866 1585 4923 controversis
1597 4865 1653 4926 jaare
1664 4864 1717 4916 dis·

936 4969 1072 5031 captarent.

968 5145 1032 5195 xix.
1051 5144 1142 5197 sedato
1151 5144 1237 5195 autem
1247 5137 1368 5201 tumultu,
1378 5137 1421 5203 jus
1432 5134 1476 5187 diu
1486 5132 1656 5186 Intermissum
1667 5133 1718 5184 iilis

937 5229 1082 5298 mador·
1103 5228 1235 5291 maome.
1251 5222 1438 5297 WIWIW
1448 5220 1532 5275 istium
1549 5224 1646 5287 partem
1663 5220 1717 5301 ipse
