3772 5828
607 313 902 388 ANTIQUITATUM
924 312 1072 376 douln.
1094 315 1167 374 LiB.
1192 314 1230 374 Χ.
1666 325 1721 384 ὅθί

111 479 124 503 ιι
137 453 204 528 θρῶν
216 450 252 513 εἷς
265 449 319 527 φῶς
331 447 409 524 ἄγει,
425 445 470 505 καῖ
485 446 633 524 γράμματα
645 446 771 527 πάρεστιν
784 446 887 525 opimi

112 567 124 590 «
139 535 281 614 δεδέγμεθα
299 533 391 592 νεωστὶ
408 531 481 613 παρδι
497 530 576 601 ξένων
594 531 695 593 εύνοιαν
707 537 771 611 ἡμῖν
786 536 886 594 ἐνδεικ-

113 655 125 680 ιι
138 625 271 701 νυμένων,
282 621 325 687 οὓς
342 619 449 699 ὕστερον
469 619 628 691 ἀκούσεσθε,
644 620 688 678 καί
707 620 845 701 συντρέχει
860 645 889 681 τε

112 742 124 768 ιι
139 714 184 774 καῖ
199 710 304 793 συνᾴδει
316 717 369 776 τοῖς
383 706 477 779 ίξωθεν
496 710 725 785 ἐπιστελλομένοις
741 710 774 769 τὰ
789 711 889 771 ἐνθένδε

111 833 123 856 ιι
139 802 304 879 μηνυόμενα,
318 799 363 859 καὶ
375 797 408 857 τδι
423 798 569 878 πράγματα
582 799 669 858 οὐκέτι
684 800 812 878 μέλλησιν
828 803 887 863 οὐδὲ

112 921 124 944 ιι
139 889 272 960 ἀναύολήν
286 893 313 948 ἐν
328 886 418 969 χερσίν
438 886 500 946 όντα
516 887 685 968 ἐπιδέχεται,
710 889 771 969 πρὶν
793 893 829 958 εἷς
845 891 889 951 τδν

113 1012 125 1035 ιι
141 983 223 1057 δῆμον
239 977 396 1055 ἐξενεγκεῖν,
408 976 468 1051 ὑμῖν
482 975 597 1058 πρώτοις
612 976 702 1058 ῶσπερ
718 977 773 1039 ἐστὶ
789 979 889 1040 δίκαιον

114 1098 127 1123 ιι
143 1070 299 1146 ἀπαγγεῖλαι
317 1064 458 1144 διέγνωμεν
476 1062 554 1126 αιίτοί.
586 1063 659 1126 'Iota
675 1067 707 1140 δή
722 1069 890 1147 συνωμοσίαν

114 1185 127 1210 ιι
142 1156 185 1217 ἐπί
201 1159 238 1235 τῷ
253 1155 329 1235 δήμῳ
341 1152 517 1231 γεγενημένην
530 1153 574 1212 ὑπ’
591 1155 692 1234 ἀνδρῶν
710 1160 757 1215 οὐκ
770 1160 888 1238 ἀφανῶν,

114 1275 126 1299 ιι
142 1248 167 1304 ἐν
181 1237 218 1312 οἷς
230 1247 326 1304 ἐνεῖναι
341 1242 389 1321 μέν
405 1267 430 1300 τι
440 1241 548 1322 λέγεται
564 1243 643 1322 μέρος
657 1246 686 1303 οὐ
701 1245 767 1306 πολὺ
779 1245 824 1305 καλ
838 1250 890 1307 τῶν

114 1363 126 1387 ιι
142 1335 177 1402 είς
193 1334 251 1394 τόδε
267 1332 464 1410 συλλεγομένων
487 1330 517 1390 τδ
539 1333 672 1414 συνέδριον
689 1334 889 1417 πρεσόυτίρων,

113 1453 126 1477 ιι
139 1425 169 1483 τὸ
184 1424 211 1484 δὲ
223 1423 346 1482 πλεῖστον
363 1424 393 1480 ἐκ
416 1423 467 1479 τῶν
485 1418 535 1488 ἔξω
544 1425 590 1492 τῆς
609 1422 704 1502 βουλῆς
716 1421 832 1496 ίππίων,
846 1422 890 1491 ot<

114 1542 126 1568 ιι
141 1513 215 1575 οὔπω
235 1511 324 1591 καιρδς
343 1508 435 1578 οίτινές
448 1512 512 1569 τίσιν
527 1511 589 1588 ύμῖν
601 1510 695 1590 λίγειν.
713 1513 848 1574 Μέλλουσι
863 1515 890 1573 δέ

114 1630 126 1655 ιι
142 1593 202 1675 σύν,
216 1604 251 1668 ὡς
265 1599 468 1675 πυνθανόμεθα,
494 1599 620 1659 σκοταίαν
635 1599 794 1681 φυλάξαντες
811 1601 891 1662 νύκτα

114 1719 126 1744 ιι
142 1688 317 1769 κοιμωμένοις
338 1692 402 1764 ἡμῖν
421 1690 579 1768 ἐπιχειρεῖν,
606 1689 683 1760 ήνίκα
700 1687 760 1749 οὔτε
774 1691 890 1770 προϊδεῖν

114 1807 127 1833 ιι
141 1803 168 1837 τι
188 1782 240 1837 τῶν
254 1777 397 1856 γινομένων
416 1775 475 1835 ούτε
491 1775 649 1858 φυλάξεσθαι
663 1781 721 1836 καθ’
738 1776 765 1836 ἓν
777 1778 887 1855 γενόμε-

115 1893 127 1919 ιι
142 1889 180 1924 νοι
195 1865 341 1940 δυνάμεθα·
367 1863 533 1932 ἐπιπεσόντες
552 1864 578 1923 δὲ
599 1868 657 1932 ταῖς
671 1863 764 1935 οίκίαις
786 1866 845 1933 τούς
860 1889 888 1925 τε

114 1981 127 2008 ιι
143 1955 294 2036 δημάρχους
312 1958 383 2031 ἡμᾶς
406 1953 600 2034 κατασφάττειν
619 1953 664 2014 καῖ
687 1957 739 2014 τῶν
766 1956 888 2030 δημοτῶν

115 2069 128 2096 ιι
143 2041 236 2109 ἄλλους
248 2040 307 2109 τοὺς
321 2040 518 2109 ἐναντιωθέντας
532 2041 595 2102 ποτέ
610 2043 696 2110 αὐτοῖς
711 2044 772 2123 περί
787 2045 888 2102 ἐλευθε·

60 2151 65 2167 ·
115 2157 128 2182 ιι
143 2128 230 2210 ρέαςή
245 2130 276 2191 τδ
286 2129 377 2189 λοιπόν
388 2128 634 2207 ίναντιωσομένους.
675 2129 762 2192 Ὅταν
777 2129 805 2190 δὲ
818 2135 889 2207 ἡμᾶς

115 2245 128 2271 ιι
142 2214 261 2278 ἐκποδὼν
286 2219 463 2292 ποιήσωνται,
484 2217 539 2277 τότ’
569 2217 620 2290 ήδη
645 2216 713 2278 κατὰ
734 2215 834 2289 πολλὴν
854 2219 887 2275 αἰ-

115 2335 127 2360 ιι
143 2309 270 2388 σφαίλειαν
292 2310 419 2385 ἡγοῦνται
451 2306 639 2386 διαπράξεσθαι
671 2308 735 2385 παρ’
761 2309 834 2384 ὑμῶν
857 2304 890 2364 τὰ

115 2424 127 2447 ιι
142 2395 222 2456 λοιπὰ
239 2400 407 2473 ἀναιρεθῆναι
425 2394 468 2455 διὰ
488 2399 573 2454 κοινοῶ
589 2394 758 2474 ψηφίσματος
779 2392 824 2460 τίις
840 2416 888 2473 γε·

116 2513 128 2535 ιι
143 2484 251 2560 νομένας
262 2487 323 2560 ύμῖν
338 2482 403 2564 πρός
416 2482 461 2542 τὸν
478 2484 562 2558 δῆμον
577 2482 728 2561 ὁμολογίας.
761 2482 892 2564 Ὀρῶντες

116 2601 128 2625 ιι
144 2572 171 2631 δέ
186 2571 225 2630 ότι
245 2571 344 2642 ξενικῆς
361 2574 447 2637 αὐτοῖς
470 2571 556 2652 χειρός
581 2574 617 2639 εἰς
638 2571 671 2630 τδι
691 2571 839 2650 πράγματα
853 2571 893 2630 δεῖ

117 2690 129 2713 ιι
144 2661 229 2742 κρύφα
244 2659 507 2741 παρασκευασθείσης
522 2659 567 2718 καῖ
579 2657 637 2717 σιἰδδ
652 2658 749 2730 ταύτης
764 2659 888 2740 μετρίας,

117 2780 129 2803 ιι
147 2750 228 2829 ἄνδρα
242 2748 451 2829 προσειλήφασιν
467 2750 502 2815 εἰς
517 2752 601 2807 ταῦτα
615 2751 667 2808 τῶν
691 2747 825 2827 ὑμετέρων
837 2771 887 2831 φυ-

116 2867 128 2890 ιι
143 2838 247 2916 γόδων,
265 2837 391 2898 Καίσωνα
413 2833 534 2898 Κοίντιον
550 2835 685 2917 ἡγεμόνα,
704 2835 732 2894 θν
749 2838 792 2897 ἐπί
806 2836 890 2919 φόνοις

116 2955 128 2981 ιι
143 2929 259 2987 πολιτῶν
280 2928 326 2986 καὶ
354 2927 490 2985 διαστάσει
514 2929 559 2998 τῆς
583 2927 683 2993 πόλεως
709 2923 891 3007 ἐξελεγχθέντα

116 3046 128 3071 ιι
145 3014 316 3096 διεπράξαντό
328 3039 396 3083 τινες
404 3018 456 3073 τῶν
472 3015 564 3074 ἐνθάδε
575 3015 613 3091 μὴ
626 3016 714 3073 δοῦναι
726 3015 812 3088 δίκην,
821 3015 891 3075 ἀλλὰ

117 3132 129 3158 ιι
144 3107 225 3184 ἀθῷον
241 3107 362 3162 ἀπελθεῖν
377 3105 407 3162 ἐκ
417 3107 464 3175 τῆς
479 3101 597 3171 πόλειιις,
613 3099 721 3160 κάθοδόν
738 3123 766 3158 τε
784 3098 890 3181 πράξειν

118 3219 130 3245 ιι
145 3192 307 3274 ύπέσχηνται
332 3191 378 3250 καλ
401 3189 486 3270 ἀρχδις
508 3189 673 3270 προτείνουσι
693 3187 738 3247 καῖ
753 3189 832 3267 τιμδς
847 3188 892 3248 καί

118 3308 130 3333 ιι
147 3281 240 3348 σίλλους
269 3281 376 3359 μισθοὺς
403 3285 450 3352 τῆς
475 3279 627 3357 ὑπουργίας.
684 3279 811 3346 Κάκεῖνος
839 3277 890 3358 [δὲ]

118 3398 130 3421 ιι
146 3371 293 3450 ὑπέσχηται
316 3369 442 3448 στρατιὰν
462 3370 549 3434 αὐτοῖς
572 3368 696 3428 Αἰκανῶν
710 3367 756 3426 καί
775 3366 892 3427 Οὐολού·

119 3487 130 3513 ιι
146 3482 216 3518 σκιιιν
232 3457 299 3526 ἄξειν
315 3458 469 3535 ἐπίκουρον,
489 3455 552 3530 ὅσης
565 3455 596 3514 δν
614 3456 758 3531 δεηθῶσιν,
775 3453 845 3526 ἥξειν
863 3478 890 3514 τε

120 3576 131 3600 ιι
146 3549 193 3605 οὐκ
207 3548 241 3612 εἰς
257 3545 362 3627 μακρδιν
377 3545 454 3610 αὐτὸς
478 3543 524 3620 μίν
548 3543 709 3622 ἐπαγόμενος
723 3542 782 3610 τοίις
800 3545 890 3602 εὐτολ-

120 3663 131 3688 ιι
149 3634 294 3711 μοτιίτους,
314 3632 401 3714 κρύφα
419 3636 477 3692 κατ’
492 3632 593 3712 ὀλίγους
610 3633 722 3713 είσόγων
737 3633 782 3692 καλ
794 3631 894 3711 σπορεί·

120 3751 132 3775 ιι
148 3725 210 3795 δας,
224 3729 241 3794 ἡ
265 3722 288 3780 δ’
305 3724 372 3795 ἄλλη
394 3720 519 3800 δύναμις,
535 3719 596 3780 όταν
611 3726 635 3782 οἱ
651 3727 696 3781 τοῦ
710 3721 795 3797 δήμου
817 3744 895 3801 προε·

120 3839 133 3864 ιι
148 3809 272 3884 στηκότες
286 3811 363 3888 ἡμεῖς
384 3811 584 3892 διαφθαρῶμεν,
604 3811 647 3871 ἐπὶ
667 3811 700 3871 τό
713 3811 778 3873 ἄλλο
798 3812 896 3884 πλῆθος

65 3942 68 3947 s
121 3928 133 3953 «
147 3902 200 3959 τῶν
215 3899 334 3970 πενήτων
350 3898 481 3980 χωρήσει,
502 3898 547 3958 ἐείν
570 3922 637 3967 τινες
651 3899 702 3978 ἄρα
718 3898 896 3980 περιέχωνται

122 4016 134 4040 ιι
149 3991 196 4058 τῆς
209 3986 366 4065 ἐλευθερίας.
409 3990 435 4047 Τ
437 3992 505 4047 α’ύτα
515 3985 596 4059 ἐστιν,
610 3987 629 4046 ἃ
645 3986 831 4068 βεόούλευνται
846 3987 897 4047 ὑπὸ

122 4105 134 4129 ιι
151 4075 258 4143 σκότους
273 4076 319 4134 καὶ
343 4074 469 4152 με’λλουσι
493 4077 577 4156 δρᾶν,
596 4065 618 4136 ῶ
636 4077 738 4155 βουλή,
756 4077 827 4137 δεινὰ
851 4074 896 4136 καί

121 4194 134 4218 ιι
150 4164 244 4225 ἀνόσια
259 4165 340 4244 ἔργα,
358 4165 415 4225 ούτε
434 4170 501 4225 θεῖον
516 4165 671 4246 ροόηθέντις
685 4164 764 4245 χολον
779 4163 840 4226 ούτε
851 4168 899 4224 ἐν·

121 4283 134 4309 ι
151 4253 283 4334 θρωπένην
298 4252 468 4335 ἐντραπέντες
482 4253 597 4330 νέμεσιν.

65 4366 92 4404 ιε
161 4347 250 4406 xl«
266 4344 315 4405 Ἐν
329 4340 445 4451 τοσούτῳ
460 4339 493 4413 δὴ
511 4339 623 4401 aradium
637 4339 800 4415 σαλεύοντες,
812 4341 897 4400 ίκέται

123 4461 136 4488 ιι
149 4434 300 4510 γινόμεθα(
290 4434 378 4510 υμῶν,
393 4456 416 4491 ω
396 4419 553 4512 πατέρες,
567 4403 773 4502 ἐπέσκήπτοντες
785 4428 857 4495 θεούς
870 4452 898 4488 τε

123 4522 197 4582 «καί
210 4520 349 4598 δαίμονας,
364 4509 402 4587 οἷς
416 4523 491 4600 κοινῇ
507 4517 619 4595 θύομεν,
634 4518 680 4580 καί
696 4520 820 4596 πολέμων
835 4521 899 4577 ὓπο-

124 4636 137 4661 ιι
152 4612 359 4687 μιμνήσκοντες,
376 4607 420 4677 οίις
434 4607 547 4676 πολλοὺς
559 4607 605 4668 καλ
625 4607 803 4685 μεγάλως
776 4632 822 4669 συν
838 4609 899 4685 ὑμῖν

125 4725 137 4750 ιι
152 4697 290 4777 ἠρόμεθα,
311 4698 349 4777 μὴ
365 4699 491 4779 παριιδιῖν
511 4698 573 4774 ῶμδ
590 4696 637 4757 καί
660 4694 754 4757 ἀνόσια
772 4697 824 4758 ίιτιό
848 4700 900 4756 τῶν

68 4812 96 4852 50
124 4813 137 4840 ιι
157 4787 256 4864 ἐχθρῶν
269 4786 399 4855 παθόντας
414 4792 503 4864 ἡμᾶς,
519 4784 578 4846 ἀλλ’
590 4784 723 4863 ἐπαμῶναί
739 4809 769 4846 τε
782 4784 829 4846 καί
849 4808 899 4845 συ-

125 4902 137 4926 ιι
153 4876 353 4948 ναγανακτῆσαι
361 4875 492 4956 τιμωρίας
501 4876 565 4952 ἡμῖν
576 4873 817 4955 συνεισπρόξεντας
826 4872 900 4955 παρὰ

125 4963 206 5021 ιιτῶν
222 4963 306 5018 ταῦτα
326 4962 561 5041 βουλευσαμένων
566 4961 615 5031 τῖες
629 4961 829 5043 προσηκούσας,
845 4962 901 5041 μέ·

944 474 957 498 ιι
970 454 1002 504 ab
1022 454 1169 519 hospitibus,
1186 453 1229 518 qui
1248 467 1318 505 suam
1332 467 1391 516 erga
1411 468 1456 505 nos
1472 456 1669 512 benevolentiam
1680 477 1724 513 os·

944 563 956 587 «
970 543 1109 603 tenderunt,
1121 558 1184 606 quos
1194 545 1280 607 postea
1299 543 1420 606 audietis,
1436 547 1463 596 ot
1481 544 1618 600 domestica
1637 550 1725 603 iudicia

944 653 956 676 ιι
970 647 1027 683 cum
1046 633 1154 682 externis
1173 634 1328 696 congruunt,
1347 633 1426 696 iisque
1448 636 1616 699 respondent,
1639 642 1664 687 et
1687 653 1727 688 res

944 740 957 764 ιι
972 721 1186 784 urgentcsuullam
1200 721 1307 786 amplius
1317 720 1510 784 emulationem,
1523 738 1569 774 noc
1584 724 1727 776 dilationem

945 827 957 851 ι
973 808 1110 871 patiuntur,
1136 807 1191 857 haec
1206 807 1350 872 priusquam
1372 807 1402 856 ad
1425 808 1544 872 populum
1565 811 1727 874 referremus,

946 915 959 940 ιι
971 896 1041 946 robis
1059 896 1179 962 primum,
1193 899 1221 946 ut
1237 909 1337 958 aequum
1353 898 1400 955 est,
1417 897 1561 947 renunciare
1581 899 1725 949 statuimus.

946 1006 958 1028 ι
972 984 1064 1036 Scitote
1080 983 1164 1047 igitur,
1180 982 1335 1045 conjuratum
1353 983 1378 1032 in
1393 983 1489 1048 piebem
1505 985 1590 1036 aviris
1610 1001 1658 1037 non
1675 986 1729 1038 obs·

946 1094 958 1116 ιι
975 1073 1050 1133 curis,
1066 1072 1128 1123 inter
1140 1087 1203 1136 quos
1228 1072 1308 1122 lerum
1323 1085 1377 1122 esse
1391 1073 1498 1136 aliquot,
1518 1089 1565 1125 nou
1582 1076 1673 1126 multos
1687 1080 1727 1126 la-

947 1182 959 1206 ιι
974 1176 1041 1224 ιιιειι,
1051 1161 1082 1212 de
1101 1161 1239 1212 senioribus
1252 1162 1275 1210 in
1285 1161 1352 1211 hunc
1365 1163 1513 1213 senatorium
1526 1165 1636 1215 ordinem
1649 1165 1729 1226 lectis,

947 1272 960 1295 ιι
976 1253 1110 1302 maxiumm
1130 1265 1189 1302 vero
1202 1254 1297 1316 partem
1312 1265 1344 1302 ex
1355 1251 1403 1301 illis
1417 1252 1550 1316 equitibus,
1564 1253 1607 1317 qud
1620 1253 1646 1302 in
1655 1268 1728 1304 scua-

948 1360 961 1383 «
975 1343 1029 1391 lum
1039 1341 1147 1389 noudum
1161 1342 1219 1390 sunt
1240 1341 1340 1404 recepti,
1354 1353 1442 1403 quosa
1459 1339 1530 1390 nobis
1547 1340 1650 1391 iudicari
1666 1355 1728 1391 uon·

947 1448 960 1471 ιι
973 1426 1033 1477 dum
1046 1431 1085 1478 est
1095 1431 1200 1490 ternpus.
1235 1427 1268 1477 lii
1280 1431 1318 1488 (ut
1332 1427 1456 1491 audimus)
1473 1430 1632 1490 statuerunt,
1643 1428 1728 1479 obser·

948 1535 960 1559 ι
975 1519 1032 1566 rata
1060 1514 1165 1566 obscura
1189 1518 1274 1575 nocte,
1307 1529 1352 1565 nos
1375 1516 1469 1581 sopitos
1501 1517 1655 1580 opprimere,
1680 1531 1731 1579 quo

948 1622 960 1645 ιι
974 1605 1150 1667 temporaneo
1172 1601 1232 1664 quid
1254 1615 1337 1653 rerum
1357 1607 1467 1666 geratur,
1479 1605 1631 1667 prospicere,
1647 1617 1692 1654 uec
1705 1604 1731 1653 in

949 1705 1052 1741 aunum
1070 1692 1207 1756 congregati
1234 1706 1323 1743 cauere
1351 1693 1421 1744 uobis
1444 1708 1591 1757 possumus;
1616 1696 1730 1758 laetaque

949 1799 962 1824 ιι
975 1779 1143 1844 irruptionem
1158 1780 1240 1840 aedes,
1259 1784 1284 1832 et
1300 1794 1344 1831 nos
1362 1783 1473 1833 tribunos
1487 1783 1611 1846 jugulare,
1629 1787 1654 1835 ct
1668 1784 1730 1835 alios

950 1892 963 1916 ιι
975 1871 1097 1936 plebeios,
1119 1875 1241 1937 quotquot
1274 1887 1382 1937 uuquam
1406 1875 1466 1940 ipsis
1490 1875 1613 1926 libertatis
1634 1876 1731 1927 tucudae

950 1963 1056 2015 ..studio
1079 1967 1139 2014 suut
1152 1963 1294 2025 adversati,
1320 1971 1365 2015 aul
1379 1966 1410 2015 -ιιι
1427 1969 1553 2030 [ιοειετυιιι
1577 1966 1732 2017 adversaturi

951 2079 964 2102 ιι
977 2060 1042 2110 sunt.
1055 2058 1130 2108 Nobis
1145 2071 1205 2108 vero
1214 2058 1246 2108 de
1257 2058 1337 2109 medio
1351 2059 1469 2118 sublatis,
1481 2064 1542 2109 tunc
1552 2059 1653 2111 domum
1663 2061 1731 2111 oxis-

949 2169 962 2194 ιι
977 2148 1073 2207 ιιιιιειιι,
1093 2161 1121 2197 se
1132 2148 1259 2198 tutissime
1276 2148 1370 2213 reliqua
1387 2150 1487 2200 anobis
1501 2149 1678 2214 impetraturos
1692 2156 1731 2215 nt,

952 2266 964 2290 ι
977 2245 1096 2310 quidquid
1105 2259 1213 2309 uuquam
1226 2245 1292 2310 plebi
1304 2260 1318 2295 a
1329 2245 1408 2307 vobis,
1422 2248 1509 2298 Patres
1519 2246 1660 2312 conscripti,
1674 2262 1731 2298 con·

952 2352 1072 2389 «cessum
1098 2340 1150 2398 est,
1178 2337 1202 2388 id
1233 2339 1358 2388 communi
1395 2339 1496 2389 decreto
1526 2340 1668 2405 abrogetur.
1701 2342 1733 2391 Et

953 2448 965 2479 ιι
977 2431 1093 2496 quoniam
1104 2430 1136 2480 ad
1147 2431 1194 2480 hoc
1205 2432 1308 2490 lacinus,
1317 2434 1420 2481 externa
1430 2432 1535 2482 militum
1547 2447 1622 2483 manu
1636 2434 1733 2484 occulte

952 2544 965 2567 ι
977 2527 1127 2587 aoruparata,
1146 2537 1223 2586 caque
1243 2538 1290 2574 nou
1306 2523 1441 2585 mediocri,
1453 2538 1519 2589 opus
1534 2523 1587 2574 tore
1600 2525 1731 2586 siciebant,

952 2618 1147 2664 «assumserunt
1175 2614 1206 2663 ad
1233 2615 1295 2664 lianc
1319 2614 1462 2666 sociotatem
1486 2628 1564 2664 unum
1587 2628 1618 2665 er
1644 2616 1733 2666 vestris

953 2725 966 2748 ιι
979 2704 1124 2764 exsulibus,
1142 2705 1270 2755 thsonem
1283 2705 1428 2765 Quintium,
1441 2717 1549 2768 eumque
1560 2705 1649 2756 ducem
1660 2720 1733 2777 suum

952 2798 1102 2855 «crearunt,
1117 2809 1204 2858 quem,
1232 2795 1309 2845 coedis
1336 2795 1417 2846 civilis
1432 2799 1457 2846 et
1480 2795 1609 2848 seditionis
1632 2797 1734 2848 urbanas

952 2908 964 2932 ιι
977 2886 1131 2948 convictum,
1157 2887 1266 2937 nonnulli
1286 2901 1386 2950 eorum,
1400 2887 1444 2953 qui
1475 2888 1515 2938 iric
1539 2888 1637 2952 adsunt,
1655 2903 1734 2955 puna
1821 2916 1824 2925 ι

953 3002 966 3025 ιι
978 2983 1122 3048 eripuerunt
1140 2986 1166 3034 et
1183 2986 1212 3031 ut
1227 2981 1359 3032 incolumis
1380 2993 1411 3031 ex
1429 2980 1490 3031 urbe
1505 2981 1624 3032 excedere
1641 2981 1734 3032 eileee-

953 3079 1049 3135 «runt,
1066 3075 1138 3140 eique
1163 3074 1271 3126 reditum
1297 3071 1453 3138 pollicentur,
1480 3075 1506 3123 et
1528 3071 1689 3134 magistratus
1708 3075 1736 3123 et

956 3158 1084 3220 ‹honores'
1095 3171 1122 3218 et
1144 3166 1192 3218 ιιιιε
1214 3180 1297 3231 opera
1313 3165 1415 3231 proemia
1431 3163 1549 3215 otierunl.
1583 3163 1735 3227 illequoqae

953 3259 1084 3310 ινιειεειιιι
1102 3262 1141 3311 εει
1167 3259 1302 3325 pollicitus,
1330 3273 1357 3310 se
1379 3262 1516 3322 AEquorum
1541 3256 1735 3322 volscorumque

951 3370 965 3394 ιι
979 3353 1071 3416 copias,
1087 3353 1180 3416 quibus
1195 3365 1258 3410 opus
1274 3350 1334 3414 ipsis
1350 3349 1437 3407 tuerit,
1451 3347 1598 3398 auxiiioiilis
1612 3348 1733 3400 adductu-

953 3465 966 3490 ιι
977 3458 1043 3495 rum.
1075 3445 1210 3510 Aderitque
1228 3442 1367 3494 uranicum
1386 3441 1560 3492 audacissimis
1578 3439 1733 3506 quibusque,

953 3557 966 3581 ιι
979 3549 1071 3599 cosque
1083 3549 1131 3585 uon
1143 3533 1217 3585 simul
1228 3546 1331 3593 omnes,
1342 3532 1386 3583 sed
1403 3532 1465 3583 alios
1480 3530 1619 3596 poslalios,
1630 3534 1656 3581 el
1666 3545 1736 3581 rams

955 3645 968 3670 ι
981 3629 1046 3680 clam
1059 3629 1085 3678 iu
1107 3628 1194 3679 urbem
1211 3627 1286 3678 ducet
1304 3645 1311 3677 ι
1327 3625 1430 3689 reliqua
1452 3628 1534 3676 autem
1555 3625 1646 3690 copia,
1664 3625 1736 3676 nobis

953 3740 966 3764 ιι
981 3720 1086 3772 tribunis
1114 3719 1233 3770 demedio
1262 3718 1376 3780 sublatis,
1400 3719 1426 3769 in
1450 3718 1572 3783 reliquam
1599 3731 1735 3782 pauperum

953 3832 966 3857 ιι
980 3811 1177 3870 τιιυιιιιυιιιιιειιι,
1196 3810 1217 3861 si
1230 3810 1273 3875 qni
1286 3809 1426 3862 libertatem
1438 3823 1509 3861 snam
1521 3810 1586 3861 tueri
1598 3809 1733 3872 audebunt,

952 3924 966 3950 ιι
981 3905 1163 3956 anomaliae
1178 3904 1246 3962 suut,
1265 3903 1350 3951 Patres
1361 3901 1508 3965 conscripti,
1525 3899 1678 3951 claudestina
1692 3915 1735 3952 eo·

954 4020 967 4046 ι
982 4015 1038 4051 rum
1047 3997 1162 4059 consilia,
1174 4001 1199 4048 et
1216 3996 1307 4047 atrocia
1326 4009 1355 4046 au
1370 3991 1463 4044 nefaria
1475 3993 1597 4052 iocinera,
1611 4006 1669 4056 qua
1678 3999 1734 4044 suut

953 4110 966 4135 ιι
980 4090 1114 4157 patraturi,
1135 4102 1181 4139 nec
1193 4088 1231 4139 ira
1244 4086 1330 4137 diuina
1348 4083 1435 4146 territi,
1466 4098 1511 4136 uec
1527 4084 1643 4136 humana
1669 4083 1734 4134 indi-

953 4199 967 4225 ιι
981 4179 1103 4244 gnattouis
1116 4175 1255 4229 reuerentia
1267 4174 1336 4227 moti.

984 4359 1027 4408 xl.
1039 4378 1051 4402 ιι
1065 4360 1149 4416 Quam
1171 4357 1246 4422 igitur
1258 4354 1283 4404 in
1294 4356 1363 4404 lauto
1372 4353 1482 4418 periculo
1496 4366 1632 4412 versemur,
1649 4354 1736 4401 Patres

954 4465 964 4489 ι
979 4445 1121 4510 conscripti,
1143 4442 1270 4509 supplices
1284 4441 1315 4492 ad
1329 4455 1373 4490 ros
1391 4440 1559 4505 confugimus,
1581 4452 1674 4503 rosque
1687 4435 1734 4487 oh·

955 4536 1102 4586 assumor
1115 4546 1160 4598 por
1170 4532 1231 4583 deos
1247 4534 1272 4582 et
1289 4531 1382 4596 genios,
1396 4529 1489 4595 quibus
1505 4542 1576 4578 sacra
1594 4525 1736 4576 communia

954 4640 968 4666 ιι
981 4620 1094 4682 ιεειιιιιιε,
1104 4624 1129 4672 el
1140 4632 1185 4685 per
1199 4621 1238 4670 tot
1251 4620 1369 4683 tantaque
1380 4616 1453 4677 bella,
1471 4630 1528 4680 qua
1539 4614 1666 4663 uobiscum
1681 4625 1733 4662 sus·

954 4728 968 4754 ι
982 4710 1107 4775 oepimus,
1129 4720 1235 4772 qnorum
1255 4719 1315 4756 vero
1330 4718 1452 4755 memores
1464 4716 1518 4754 esse
1537 4702 1619 4760 decet,
1634 4712 1665 4747 ne
1688 4711 1734 4760 pn·

955 4817 968 4844 ιι
979 4798 1075 4850 tiamini
1085 4811 1130 4849 nos
1144 4795 1278 4848 crudeliter
1287 4798 1312 4845 et
1324 4795 1410 4845 contra
1423 4795 1467 4858 jus
1483 4805 1512 4841 ac
1533 4787 1613 4839 iasab
1630 4786 1736 4836 mimicis

953 4905 968 4931 ιι
979 4885 1089 4947 ιτεειειι,
1104 4883 1229 4949 sedopem
1246 4881 1341 4944 ieratis,
1350 4883 1377 4932 et
1395 4882 1513 4941 ronoopla
1528 4872 1656 4924 uobiscum
1667 4869 1734 4920 indi-

954 4992 969 5019 ιι
981 4972 1107 5038 prtum,
1127 4971 1231 5023 meritas
1247 4982 1333 5035 poenas
1347 4965 1480 5028 deiloqui
1494 4963 1549 5013 tuac
1568 4959 1736 5011 cousitiainie·

126 5049 232 5108 ιλιστα
257 5044 306 5124 μίν
321 5047 529 5128 περιεπόντων,
549 5051 572 5109 εἰ
590 5049 618 5112 δί
633 5049 673 5131 μή
687 5072 735 5130 γε,
756 5048 884 5129 aopi*
846 5070 901 5111 των
953 5078 969 5109 s
980 5064 1052 5123 mi,
1062 5058 1176 5123 ιεεειιι,
1187 5056 1381 5125 otpotteatmarn
1389 5050 1491 5119 quidem
1506 5051 1538 5101 de
1549 5048 1673 5109 omnibus,
1696 5049 1735 5101 sin

125 5135 345 5220 «ἀρξόντων
311 5159 361 5211 της
374 5136 499 5216 ditatam
517 5138 694 5218 ουνιεμοαέιις.
737 5140 850 5223 tlpr'tm
868 5134 914 5203 ἐῖ-

1232 5137 1575 5267 mthbmmrlbus.
1610 5137 1638 5187 lo
1648 5135 1736 5201 primis
