3772 5828
659 416 951 490 carlomannum
973 417 1121 479 ROMAN.
1146 418 1219 478 Llss.
1243 420 1264 479 1.
1723 415 1761 478 15

152 545 198 605 καί
212 545 294 604 πόλιν
310 548 397 604 αὐτῶν
412 545 554 620 εὐδαίμονα
568 546 614 604 καί
625 549 743 623 μεγάλην
762 547 834 626 άρνω
848 569 932 627 προσ-

152 635 281 700 πεσόντες
299 636 404 712 αἱροῦσι
418 635 559 712 Κρότωνα·
575 635 659 715 ταύτῃ
681 635 793 717 φρουρίῳ
808 639 853 695 καί
876 640 933 696 larr-

154 723 315 801 τειχίσματι
335 720 406 779 κατὰ
427 726 477 780 τῶν
503 721 657 801 ’θμύρικῶν
683 722 832 802 χρώμενοι,
856 747 934 784 κατι-

153 810 307 890 exemplis
320 832 348 867 τε
363 814 397 876 ὡς
408 809 493 889 ἔρυμα
504 801 570 870 εἶναι
579 811 693 887 πολέμου
709 815 882 893 ἀποχρώντως
889 813 934 872 καί

125 896 134 933 ⁸
150 896 247 977 χώραν
262 896 362 977 ίχούση
376 896 425 972 τήν
438 896 511 975 πέριξ
530 896 650 968 ιῦύοτον,
669 899 773 956 πολλῶν
788 899 832 956 καί
848 899 934 958 ἄλλων

153 986 308 1063 ἐκράτησαν
327 984 447 1064 χωρίων,
470 993 523 1051 τοῖς
537 989 561 1042 τ’
571 985 714 1064 ’λδοριγῖσι
731 987 774 1044 τὸν
792 986 856 1065 πρὸς
875 985 933 1053 τοίις

153 1072 283 1139 Σικελοὺς
297 1076 413 1148 πόλεμον
425 1074 462 1132 ίτι
475 1078 625 1133 συνεστῶτα
635 1076 718 1152 πολλῇ
732 1077 863 1154 προθυμία
874 1098 936 1133 συν-

152 1162 291 1240 διέφερον,
304 1161 356 1233 lm<
370 1161 498 1231 ἐξήλασαν
512 1161 602 1228 αὐτοὺς
623 1166 652 1221 ἐκ
669 1166 716 1232 τῆς
728 1162 863 1242 σρετίρας.
881 1163 934 1223 liei

153 1248 246 1314 παλαις
264 1248 379 1337 πολλάς,
396 1248 441 1316 τάς
461 1250 508 1323 μίν
522 1239 674 1325 οἰκουμένας
688 1251 733 1309 καλ
747 1251 870 1330 πρότερον
884 1253 934 1310 inl

113 1342 132 1383 Β
152 1339 207 1393 τῶν
229 1338 367 1408 Σικελῶν,
387 1336 433 1401 τὰς
451 1340 474 1396 δ’
490 1337 562 1395 αὐτοὶ
576 1339 836 1409 κατασκευάσαντες,
850 1340 934 1418 ᾤκουν

152 1426 177 1481 τί
200 1424 340 1498 Πελασγοὶ
355 1430 428 1503 κοινῇ
449 1423 516 1498 μιτδι
537 1429 588 1483 τῶν
602 1425 793 1504 ’Λὸοριγίνων,
813 1419 849 1484 ὧν
865 1432 934 1487 ἐστιν

152 1512 169 1581 i,
189 1534 218 1569 τε
233 1514 408 1590 Καιρητανῶν
425 1512 517 1583 πόλις,
533 1507 654 1588 Ἄγυλλα
671 1514 697 1571 δὲ
719 1515 778 1572 τότε
793 1517 933 1592 καλουμέ-

151 1620 206 1674 νη,
224 1598 271 1655 καί
295 1600 368 1659 Πίσα
386 1600 430 1657 καὶ
452 1600 583 1678 Σατορνία
599 1600 644 1658 καί
664 1599 774 1660 Ἄλσιον
790 1602 835 1660 καί
856 1603 934 1661 ἄλλαι

152 1686 237 1758 τινὲς,
252 1685 285 1752 άς
297 1686 346 1744 οἰνλ
364 1688 456 1766 χρόνον
473 1688 523 1747 ὑπὸ
537 1691 680 1767 Τυρρηνῶν
695 1689 870 1769 ἀφῃρέθησαν.

108 1784 128 1821 ¹⁶
192 1774 275 1835 XXI.
298 1776 431 1853 Φαλέριον
441 1774 520 1832 δὲκαὶ
532 1778 695 1835 Φασκέννιον
716 1776 754 1833 ἔτι
776 1784 821 1835 καὶ
836 1782 872 1843 είς
886 1778 931 1853 ἐμὲ

152 1854 224 1930 ἦσαν
243 1860 393 1935 οἰκούμεναι
411 1863 461 1921 ὕπδ
480 1860 632 1938 Ῥωμαίων,
653 1863 724 1939 μίκρ’
746 1864 812 1922 ἄττα
835 1867 933 1925 διασώ-

150 1952 246 2017 ζουσαι
280 1946 387 2028 ζώπυρα
415 1956 460 2008 τοῦ
488 1951 652 2026 Πελασγικοῦ
679 1950 784 2029 γένους,
811 1955 930 2012 Σικελῶν

152 2034 324 2114 ὑπάρχουσαι
337 2034 473 2114 πρότερον.
517 2036 562 2095 Ἐν
578 2037 684 2104 ταύταις
701 2041 812 2114 διέμεινε
838 2041 924 2100 πολλά

152 2124 208 2179 τῶν
235 2122 354 2201 ἀρχαίων
379 2123 570 2203 διαιτημάτων,
591 2116 627 2190 οἷς
654 2127 684 2184 τὸ
699 2125 855 2197 Ἑλληνικόν
870 2129 930 2188 ποτ’

103 2221 128 2258 ²⁰
154 2207 308 2288 ἐχρήσατο,
332 2210 375 2267 ίπί
406 2210 533 2286 μήκιστον
565 2213 676 2292 χρόνου,
704 2205 755 2272 οἷον
781 2213 796 2272 ό
820 2239 848 2273 τε
880 2219 931 2273 τῶν

153 2297 245 2356 ὅπλων
269 2302 321 2355 τῶν
346 2298 559 2378 πολεμιστηρίων
578 2302 690 2375 κόσμος,
709 2304 815 2368 ἀσπίδες
832 2303 932 2381 Ἀργο-

152 2383 228 2442 λικαί
254 2385 299 2443 καί
317 2386 433 2464 δόρατα,
453 2388 498 2444 καὶ
521 2388 598 2447 ὁπότε
629 2390 748 2463 πολέμου
775 2388 931 2469 όρχοντεςῆ

150 2470 215 2535 τοὺς
244 2471 363 2539 ίπιόντας
387 2474 546 2549 ἀμυνόμενοι
573 2477 683 2554 στρατὸν
702 2477 838 2553 ὑπερόριον
863 2479 932 2536 άπα-

153 2558 305 2630 στίλλοιιν,
320 2560 385 2640 ἱεροί
398 2583 466 2628 τινες
484 2562 572 2640 ἄνδρες
588 2563 696 2622 ἄνοπλοι
711 2563 761 2640 πρὸ
774 2568 825 2623 τῶν
841 2565 927 2623 ἄλλων

103 2675 127 2713 ις
152 2646 241 2710 ίόντες
263 2648 445 2729 σπονδοφόροι·
462 2653 513 2707 τῶν
528 2655 551 2708 θ’
566 2653 642 2729 ἱερῶν
661 2654 688 2709 αἱ
711 2653 871 2710 κατασκευαί
887 2653 932 2712 καί

152 2732 194 2792 τά
211 2733 258 2803 ἕδη
276 2737 328 2793 τῶν
347 2740 411 2794 θεῶν
433 2737 541 2816 ἁγισμοί
556 2762 584 2795 τε
600 2740 644 2796 καὶ
672 2739 757 2796 θυσίαι
780 2740 825 2798 καί
846 2741 931 2801 πολλὰ

151 2824 261 2885 τοιαῦθ’,
282 2820 367 2902 έτερα.
412 2825 524 2884 Πάντων
555 2827 582 2883 δὲ
604 2827 830 2907 περιφανέστατον
865 2853 931 2905 μνη-

153 2916 230 2985 μεῖον
243 2914 290 2981 τῆς
305 2912 332 2968 ἐν
355 2909 450 2990 Ἀργει
479 2917 537 2971 ποτ’
561 2917 687 2986 οἰκήσεως
715 2918 766 2974 τῶν
788 2918 930 2997 ἀνθρώπων

154 3009 261 3066 ἐκείνων
276 3009 301 3069 ol
321 3007 381 3076 τοὺς
392 3010 515 3076 Σικελοὺς
529 3010 697 3083 ἐξήλασαν,ὁ
711 3018 757 3080 τῆς
771 3013 858 3091 Ἥρας
869 3014 931 3083 νεὼς

103 3108 126 3146 ³⁰
154 3097 183 3153 ίν
199 3093 326 3175 Φαλερίῳ
341 3098 579 3172 κατεσκευασμένος
595 3101 630 3164 ῶς
644 3101 670 3157 ἐν
686 3094 793 3178 Ἀργει·
808 3102 869 3159 ἔνθα
885 3103 930 3160 καί

154 3184 206 3239 τῶν
221 3185 375 3253 θυηπολιῶν
397 3187 410 3242 θ
422 3184 516 3257 τρόπος
537 3185 624 3261 όμοιος
638 3178 686 3261 ἧν,
702 3188 746 3245 καί
759 3198 879 3265 γυναῖκες
893 3194 928 3249 ίε-

155 3271 199 3348 ραί
211 3272 404 3349 θεραπεύουσαι
419 3271 450 3330 τὸ
471 3275 578 3348 τέμενος
595 3275 612 3346 ή
628 3299 656 3334 τε
673 3276 802 3353 λεγομένη
817 3280 928 3358 κανηρόι

155 3378 198 3435 ρος
223 3359 290 3434 άγνί,
313 3360 406 3435 γάμων
429 3361 490 3427 παῖς
517 3364 702 3440 καταρχομένη
726 3368 777 3423 τῶν
802 3366 926 3441 θυμάτων

154 3447 230 3523 χοροί
244 3469 272 3505 τε
283 3447 418 3525 παρθίνων
430 3450 565 3525 ὑμνουσῶν
581 3449 629 3521 τήν
639 3450 694 3509 θεὸν
706 3452 785 3531 ᾠδαῖς
797 3454 926 3533 πατρίοις.

103 3560 124 3597 ιε
152 3531 253 3613 Ἔσχον
277 3535 305 3593 δέ
320 3532 417 3616 [τινα]
444 3537 490 3596 καί
506 3529 576 3596 οὗτοι
597 3541 649 3597 τῶν
664 3542 831 3616 καλουμένων
850 3546 926 3609 Καμ-

151 3625 243 3680 πανῶν
264 3620 377 3682 ιύδύτων
398 3624 467 3683 πάνυ
487 3628 532 3684 καί
546 3625 593 3699 τήν
615 3629 673 3706 ὄψιν
694 3628 807 3697 ἡδίστων
833 3631 926 3687 πεδίων

155 3709 206 3766 οὐκ
220 3709 360 3788 ελαχίστην
383 3719 491 3790 μοῖραν,
506 3715 575 3780 ἔθνος
588 3715 613 3770 τί
638 3714 797 3792 βαρθαρικον
815 3716 925 3795 Αὐρῶγ-

152 3817 215 3861 κους
227 3796 256 3852 la
275 3795 366 3876 μέρους
388 3800 580 3872 ἀναστήσαντες
594 3805 696 3859 αὐτῶν·
717 3802 761 3859 καί
780 3803 868 3869 πόλεις
884 3806 928 3862 αὐ-

155 3881 211 3941 τόθι
233 3884 429 3947 κατεσκεύασαν
449 3887 531 3954 άλλας
553 3913 581 3947 τε
596 3889 640 3947 καί
655 3889 790 3967 λοίρισαν,
817 3892 860 3951 ἐπὶ
881 3897 926 3965 τῆς

103 3987 124 4019 ¹⁰
152 3971 179 4027 iv
202 3972 396 4052 Πελοποννήσῳ
418 3978 489 4053 σρῶν
513 3976 698 4055 μητροπόλεως
721 3978 803 4053 ὄνομα
824 3978 926 4053 θέμενοι

153 4060 232 4138 αὐτῇ.
274 4058 335 4120 Τῶν
354 4062 401 4137 μὲν
414 4052 459 4120 οὖν
475 4063 561 4123 άλλων
583 4066 752 4141 πολισμάτων
769 4066 838 4125 ἔστιν
853 4067 926 4127 άκαί

154 4144 250 4226 μέχρις
263 4149 328 4223 ίμοῢ
343 4150 404 4229 ipsi
420 4142 465 4221 ήν,
478 4152 652 4231 διαμείψαντα
669 4154 795 4221 πολλάκις
810 4153 868 4222 τοὺς
882 4159 924 4214 ol-

151 4233 277 4312 κήτορας·
292 4239 309 4305 ἡ
325 4236 349 4293 δὲ
366 4237 469 4315 λάρισα
492 4241 521 4296 ίκ
536 4242 640 4297 πολλῶν
660 4241 729 4299 πάνυ
751 4243 851 4321 χρόνων
866 4246 925 4323 ίρη-

150 4322 268 4396 μωθεῐοα
282 4323 334 4380 οὐδ’
347 4321 369 4381 εί
382 4322 484 4383 πώποτ’
499 4324 590 4405 ᾠκήθη
602 4327 739 4406 γνώρισμα
756 4329 865 4408 φανερὸν
881 4332 923 4390 οὗ·

103 4439 122 4474 ,η
151 4408 194 4468 δίν
221 4408 278 4488 ίχιι
300 4419 353 4479 τοῖς
367 4414 410 4469 νῦν
432 4414 472 4470 ότι
490 4412 527 4488 μή
548 4415 679 4490 τοῦνομα,
704 4415 749 4474 καί
771 4416 827 4475 οὐδὲ
848 4423 923 4479 τοῦτο

149 4496 243 4555 πολλοὶ
256 4496 356 4556 ίσασιν·
398 4491 431 4570 ἦν
447 4501 469 4558 δ’
494 4503 590 4581 άγορᾶς
605 4503 737 4569 Ποπιλίας
762 4506 923 4581 καλουμένης

149 4585 179 4642 oli
194 4583 295 4664 πρόσω.
340 4585 434 4646 Πολλά
448 4589 476 4646 δί
496 4591 541 4646 καὶ
559 4590 627 4647 ἄλλα
641 4595 688 4660 τῆς
703 4614 731 4649 τε
746 4596 921 4671 παραθαλατ-

148 4671 204 4730 τίου
220 4673 265 4731 καί
280 4675 306 4731 ἐν
321 4676 352 4752 τῇ
368 4675 504 4757 μεσογείῳ
517 4676 604 4757 χωρία
619 4678 747 4757 κατέσχον
764 4680 920 4759 ἀφελόμενοι

147 4759 208 4824 τοὺς
220 4761 356 4828 Σικελούς.

103 4876 120 4908 o
188 4849 282 4910 xxii.
299 4852 335 4910 Οί
346 4847 374 4909 δί
389 4852 505 4911 Σικελοί·
521 4855 549 4911 οὐ
560 4854 610 4931 γάρ
619 4854 656 4911 ἔτ’
666 4855 784 4933 ἀντέχειν
793 4846 844 4915 οίοί
855 4859 878 4913 τ’
888 4847 920 4928 ή-

146 4936 253 4996 σανῦπό
266 4961 297 4997 τε
311 4939 459 5017 Πελασγῶν
473 4939 519 4999 καί
534 4942 700 5021 Ἀὅοριγίνων
715 4945 919 5020 πολεμούμενοι·

145 5025 223 5086 τέκνα
238 5024 286 5085 καί
296 5035 421 5104 γυναῖκας
436 5027 483 5087 καί
500 5034 552 5089 τῶν
567 5029 713 5111 χρημάτων
728 5028 778 5090 ὅσα
790 5030 918 5109 χρυσδςῆ

146 5116 257 5195 ἄργυρος
271 5106 305 5188 ήν
326 5116 584 5194 ἀνασκευασάμενοι,
604 5118 723 5194 μιθίεντο
737 5122 823 5186 αὐτοῖς
846 5119 916 5179 άπά-

990 555 1065 604 inlato
1076 556 1209 606 Cortonam
1233 555 1320 605 urbem
1331 554 1472 617 opulentam
1493 556 1519 604 el
1542 553 1648 617 amplam
1662 554 1764 604 incursu

990 646 1115 708 repentino
1128 647 1253 711 coperani,
1278 656 1329 708 qua
1342 656 1387 706 pro
1411 656 1467 693 arco
1486 656 1516 691 ac
1530 644 1661 692 munitione
1680 646 1764 692 oonlru

990 732 1095 783 Umbros
1110 731 1257 795 utebantur,
1280 745 1337 782 cum
1356 734 1395 782 ila
1411 735 1477 781 esset
1503 733 1628 781 excuncta
1646 733 1675 781 ul
1701 731 1761 781 salis

990 819 1090 870 iirmum
1114 820 1172 871 beili
1192 821 1371 870 munimentum
1395 822 1489 869 contro
1518 818 1603 869 postes
1625 831 1679 868 esse
1704 831 1762 882 pos·

988 912 1042 969 sei,
1065 912 1139 972 alque
1161 922 1220 977 agro
1252 908 1402 958 circumdala
1432 909 1498 958 cssel
1516 906 1590 957 fertili
1616 910 1640 957 ei
1666 907 1764 971 pascuis

988 1001 1052 1060 apio.
1087 996 1139 1045 Alia
1167 1008 1267 1059 quoquo
1294 998 1372 1046 mulla
1396 996 1450 1045 loco
1469 997 1496 1046 in
1517 1008 1587 1045 suam
1610 998 1761 1058 poteslalem

989 1084 1143 1146 redegerunt,
1158 1087 1183 1133 ei
1194 1084 1334 1145 Aborigines
1351 1084 1375 1132 in
1395 1084 1468 1144 laelio,
1482 1083 1550 1147 quod
1567 1086 1652 1133 conlra
1666 1083 1765 1134 Siculos

988 1172 1071 1221 adhuc
1092 1171 1223 1234 gerebant,
1240 1187 1337 1222 summa
1352 1173 1485 1237 rupidiiale
1508 1172 1668 1230 adiuverunt,
1686 1172 1764 1224 doceo

988 1274 1068 1310 εοεαε
1077 1259 1392 1323 ειιίτεαθιίκινειριιῑειιιιιι.
1427 1262 1765 1326 Etrunllasurbosparlimel

989 1347 1301 1409 anlooSicniishabilalos‚
1309 1348 1399 1412 parlim
1415 1349 1763 1401 eliamaseaedificalosinoo·

988 1436 1070 1485 lebant
1079 1436 1171 1497 Pelasgi
1180 1450 1292 1487 unacum
1300 1435 1471 1500 Aboriginibus
1485 1457 1491 1486 ι
1506 1451 1613 1500 quarum
1624 1437 1649 1487 in
1662 1452 1764 1488 numero

988 1529 1026 1573 esi
1041 1529 1065 1574 el
1079 1525 1262 1574 Cuspianorum
1277 1524 1345 1584 orbs,
1365 1539 1423 1589 qum
1443 1529 1504 1576 irinc
1521 1526 1763 1588 opprimebatur,

988 1617 1013 1661 el
1027 1613 1091 1672 Pisa,
1107 1615 1133 1662 et
1150 1613 1272 1672 Saturnia,
1289 1617 1314 1662 el
1326 1613 1430 1673 Alsium,
1449 1617 1474 1663 ol
1493 1614 1548 1664 alim
1564 1614 1688 1677 quandam,
1702 1629 1764 1677 quas

988 1701 1047 1763 ipsis
1059 1700 1148 1750 deinde
1160 1702 1276 1763 temporis
1287 1715 1415 1765 progressu
1425 1702 1497 1752 Tusci
1507 1703 1657 1765 eripuerunt.

1021 1789 1084 1836 xxi.
1092 1787 1179 1837 Falerii
1190 1802 1247 1838 varo
1257 1793 1281 1839 el
1292 1789 1450 1839 Fescennium
1459 1802 1514 1839 ιιιεα
1522 1789 1683 1839 adhuoaoiale
1693 1802 1708 1839 a
1718 1792 1764 1840 ilo·

988 1885 1068 1932 manis
1080 1880 1261 1943 incolebantur,
1282 1889 1308 1934 et
1325 1898 1401 1947 parus
1416 1884 1531 1947 querclam
1541 1884 1636 1949 generis
1647 1883 1764 1947 Pelasgioi

988 1980 1091 2042 vesligia
1112 1979 1255 2040 servabant,
1276 1983 1388 2043 quamvls
1411 1982 1470 2031 olim
1493 1983 1629 2033 Siculorum
1652 1983 1762 2037 fuissent

987 2078 1015 2125 ln
1039 2078 1076 2126 lais
1095 2071 1160 2122 onim
1186 2076 1293 2125 urbibus
1316 2077 1394 2125 mulia
1417 2079 1497 2140 prisca
1523 2079 1645 2141 insiilulo,
1674 2080 1764 2143 quibus

987 2175 1065 2225 Graeci
1079 2177 1204 2238 quondam
1227 2176 1265 2225 usi
1288 2178 1355 2233 sunl,
1371 2174 1508 2224 ‹llolisslme
1525 2180 1721 2238 permanserunt,
1736 2179 1764 2227 ut

986 2269 1129 2321 bellicorum
1143 2287 1269 2322 oriciorum
1287 2276 1398 2332 omaius,
1418 2272 1488 2335 clipei
1506 2272 1608 2334 Argolici
1624 2277 1649 2321 el
1661 2273 1757 2322 lraslaez

986 2374 1011 2418 el
1026 2371 1124 2431 quolios
1139 2371 1230 2421 beilum
1243 2372 1298 2420 aliis
1320 2371 1409 2421 illatori
1428 2373 1472 2420 aut
1485 2369 1580 2420 illalum
1597 2370 1762 2434 propulealuri

986 2462 1069 2524 copias
1093 2463 1158 2513 ultra
1185 2464 1236 2526 agri
1265 2465 1302 2512 sui
1341 2463 1402 2512 fines
1431 2462 1592 2522 emiilebani,
1622 2462 1762 2513 sacerdotes

985 2559 1095 2621 quidam,
1118 2561 1211 2611 ieliales
1231 2561 1283 2610 sino
1301 2561 1377 2610 armis
1396 2559 1503 2622 reliquos
1524 2560 1692 2623 praecedentes
1712 2581 1718 2609 ι
1737 2564 1762 2611 el

985 2658 1131 2720 templorum
1155 2658 1357 2708 aedificandorum
1375 2658 1481 2708 ratioet
1502 2658 1604 2709 deorum
1634 2658 1762 2709 sacellani

984 2751 1134 2815 expialionos
1159 2756 1185 2802 el
1210 2754 1343 2813 socriiieio,
1368 2757 1394 2802 ei
1419 2753 1498 2803 mulla
1518 2755 1565 2804 olla
1584 2752 1760 2803 huiuscemodi.

983 2843 1032 2894 sed
1053 2842 1273 2893 luculentissimum
1292 2845 1403 2894 omnium
1423 2845 1612 2904 documentum,
1630 2846 1695 2895 uirile
1716 2859 1761 2908 ap-

983 2938 1054 2999 parot
1083 2935 1192 2985 homines
1223 2936 1294 2998 iilos,
1328 2937 1370 3001 qui
1397 2937 1492 2988 Siculos
1515 2937 1676 3000 expulerunt,
1704 2937 1761 2987 olim

984 3029 1053 3091 Argis
1066 3027 1196 3088 habitasse,
1208 3031 1246 3079 est
1258 3031 1359 3080 lunonis
1377 3030 1514 3094 lemplum,
1528 3030 1595 3094 quod
1615 3030 1715 3079 Faleriis
1729 3030 1760 3080 αθ

985 3119 1066 3182 Argivi
1078 3119 1261 3169 similitudinem
1282 3126 1319 3170 osl
1331 3124 1505 3172 exstructum:
1522 3120 1567 3171 uhi
1587 3126 1614 3172 ei
1635 3135 1761 3172 sauronam

983 3212 1046 3260 ritus
1059 3215 1129 3262 orant
1140 3211 1239 3273 similes,
1255 3218 1281 3263 et
1291 3226 1369 3263 sacrm
1380 3213 1563 3276 mulieresque
1575 3214 1661 3279 templi
1676 3228 1761 3264 curam

985 3301 1111 3365 gerebant,
1127 3307 1152 3353 el
1170 3304 1259 3367 puella,
1276 3305 1433 3354 canistrisera
1444 3304 1553 3365 ’νοσοίη
1571 3310 1640 3354 casia
1660 3309 1686 3354 ei
1699 3317 1760 3367 nup·

982 3393 1073 3444 tiamm
1087 3408 1183 3459 expers,
1197 3409 1255 3459 quae
1278 3409 1349 3446 soora
1369 3398 1492 3461 auspicari
1512 3396 1620 3457 solebat3
1642 3400 1759 3457 praetcrea

982 3485 1052 3534 chori
1064 3487 1196 3548 virginum,
1215 3500 1273 3549 quas
1292 3488 1385 3549 patrios
1396 3487 1501 3550 hymnos
1518 3490 1542 3536 in
1556 3486 1621 3536 illius
1632 3487 1686 3536 deae
1703 3486 1758 3535 lau-

982 3577 1038 3626 dem
1060 3576 1188 3627 canebant.
1222 3577 1388 3628 optinuerunt
1415 3592 1514 3641 quoquo
1538 3578 1663 3639 ηυιιιιθοιιι
1691 3592 1756 3627 cam.

982 3682 1080 3732 porum,
1092 3670 1134 3731 qul
1144 3670 1262 3732 Campani
1278 3673 1404 3730 vocantur,
1419 3674 1519 3733 aspectu
1532 3670 1758 3721 ariioenissimorum

980 3763 1007 3810 ei
1032 3762 1128 3824 pascuis
1150 3761 1348 3824 aptissimorunr,
1365 3766 1459 3826 parlem
1483 3775 1530 3810 non
1551 3763 1686 3824 minimam,
1707 3768 1757 3814 Au·

981 3853 1062 3902 runcis
1083 3856 1154 3916 genio
1166 3852 1273 3902 barbara
1290 3852 1346 3901 indo
1365 3852 1442 3916 pulsis
1461 3872 1467 3902 :
1485 3858 1510 3902 el
1528 3867 1584 3902 cum
1598 3854 1658 3904 alins
1670 3855 1756 3918 urbes,

980 3949 1033 3994 lum
1045 3945 1120 3994 eiiam
1136 3945 1259 3994 Larissam
1276 3944 1308 3994 ibi
1335 3944 1511 4005 coracinorum,
1534 3946 1573 3996 cui
1594 3959 1609 3996 o
1627 3948 1756 4012 metropoli

981 4036 1185 4098 Peloponnesiaco
1207 4049 1298 4085 nomen
1326 4036 1477 4085 indiderunt.
1509 4040 1651 4087 coloratum
1685 4040 1757 4102 igilur

978 4126 1166 4189 urbiumque
1186 4128 1210 4176 in
1232 4127 1280 4177 hoc
1301 4141 1405 4176 nunrero
1427 4131 1510 4187 erant,
1531 4128 1653 4178 nonnullae
1672 4130 1712 4180 vel
1724 4130 1754 4180 αθ

977 4232 1058 4270 meam
1071 4232 1150 4282 osque
1161 4224 1259 4269 olorem
1283 4220 1386 4269 irruistis
1407 4232 1473 4282 saepe
1491 4220 1576 4270 incolis
1587 4221 1692 4282 stabant,
1712 4222 1756 4272 seii

976 4313 1074 4363 Larissa
1083 4312 1131 4362 iam
1143 4311 1236 4375 pridem
1246 4312 1343 4361 ‹lesorla
1353 4315 1404 4372 osi,
1416 4312 1451 4361 iio
1466 4314 1496 4361 ut
1505 4313 1612 4376 pristino
1623 4312 1753 4364 habilalio·

976 4404 1118 4454 nisnullum
1137 4405 1266 4468 vestigium
1286 4405 1364 4453 nostri
1384 4405 1468 4454 saeculi
1484 4405 1624 4456 hominibus
1636 4406 1753 4456 manifes-

977 4498 1028 4545 lum
1046 4494 1155 4558 probeat
1174 4498 1264 4558 pracler
1279 4493 1359 4556 ipsum
1380 4507 1481 4555 nomen,
1502 4498 1528 4545 el
1540 4509 1571 4545 no
1586 4496 1632 4544 lioo
1652 4495 1754 4558 quidem

975 4587 1059 4637 mullis
1080 4589 1119 4637 est
1134 4591 1245 4636 nolum:
1273 4585 1358 4635 oberoi
1380 4589 1463 4636 aulam
1489 4601 1537 4636 non
1556 4589 1670 4650 procula
1692 4590 1753 4636 Foro

976 4678 1069 4743 Popilii.
1113 4678 1165 4727 Alia
1178 4691 1278 4740 qnoque
1296 4679 1375 4728 mulla
1394 4677 1461 4740 loco,
1480 4654 1531 4728 lam
1544 4681 1665 4729 morilirno
1677 4692 1752 4741 qoam

974 4771 1159 4828 mediterranea,
1175 4770 1262 4820 Siculis
1278 4773 1361 4833 erepla
1376 4774 1515 4821 tenuerunt.

1004 4864 1081 4914 xxii.
1090 4862 1164 4911 Siculi
1174 4874 1233 4911 vero
1245 4861 1307 4923 (non
1316 4862 1378 4911 enim
1387 4861 1493 4924 arnplius
1502 4861 1616 4910 rosisiero
1624 4862 1746 4922 poterant,

973 4948 1045 4999 simui
1052 4949 1207 5013 Pelasgorum
1215 4954 1288 5013 alque
1295 4950 1450 5010 Aboriginum
1458 4948 1532 4996 armis
1539 4947 1657 5010 oppressi)
1668 4946 1751 4998 liberie

972 5041 998 5088 et
1006 5038 1130 5095 uxoribus,
1145 5040 1170 5087 et
1181 5051 1263 5087 rorum
1275 5050 1374 5086 suarum
1390 5034 1508 5098 quioquid
1519 5048 1606 5083 aurum
1618 5039 1643 5085 el
1654 5047 1743 5097 organ-

972 5129 1025 5176 lum
1036 5127 1101 5186 erat,
1117 5124 1226 5174 collociis
1241 5129 1293 5175 lolo
1305 5138 1363 5187 agro
1377 5124 1413 5172 ois
1424 5124 1559 5171 cesserunt.
1578 5123 1610 5171 Et
1620 5135 1665 5185 per
1677 5137 1746 5173 ιιιοιι·

144 5224 191 5276 ⁰²1<
203 5208 253 5276 τῆς
270 5205 331 5281 735<-
361 5204 531 5282 Τραπόμινοι
546 5204 630 5264 δέδιθι
646 5209 692 5277 τῆς
706 5207 807 5285 ὀρεινῆς
823 5205 867 5267 ἐπί
880 5206 915 5265 cla
939 5228 944 5235 ·
969 5217 1027 5264 tana
1038 5212 1128 5264 ioooad
1140 5212 1266 5264 meridiem
1280 5212 1353 5273 versi,
1368 5214 1470 5272 toroque
1480 5206 1594 5259 inferiore
1604 5209 1675 5261 liclia
1687 5224 1746 5277 per·
