3772 5828
185 320 243 379 108

183 447 317 509 λαθόντες.
362 442 455 504 Ἑάλω
468 441 495 500 δὲ
512 440 556 499 καὶ
576 443 590 497 δ
610 438 697 519 χάραξ
712 443 796 498 αὐτῶν
811 441 906 515 μεστὸς
921 439 957 498 ὧν

182 534 329 616 χρημάτων
351 530 438 592 τεκαὶ
452 528 539 588 ὅπλων
559 528 604 586 καὶ
628 527 816 607 ἀνδραπόδων·
833 528 880 585 καί
895 528 960 587 σκά·

183 646 230 703 ραι
252 623 403 698 ποταμηγοὶ
427 621 558 696 γέμουσαι
571 619 670 687 πολλῆς
687 619 783 695 ἀγορᾶς
797 614 957 695 ἐλήφθησαν,

183 713 210 769 έν
231 700 272 776 αἶς
298 713 312 767 δ
335 711 387 767 τῶν
402 705 582 786 αἰχμαλώτων
612 704 689 784 ὄχλος
714 707 751 771 εἰς
778 703 826 776 τήν
848 703 958 781 Ῥώμην

143 823 156 860 s
184 799 315 875 κατήγετο
344 795 387 853 διὰ
414 800 458 853 τοῦ
480 797 614 868 ποταμοῦ.
667 783 751 858 Οδτος
776 791 845 871 ήχθη
873 793 959 873 τρίτος

182 886 233 945 ὑπὸ
254 884 393 961 Ῥωμύλου
415 879 552 961 θρίαμῦος,
577 883 672 960 μακρῷ
695 882 744 937 τῶν
767 880 901 962 προτέρων
915 884 958 941 έκ-

181 969 362 1055 πρεπέστερός.
406 971 459 1030 ital
474 973 535 1046 μετ’
550 970 580 1027 οῦ
593 966 660 1026 πολὺ
676 967 817 1048 πρεσέείας
829 973 958 1029 Οὐῖεντα-

182 1065 232 1120 νῶν
253 1060 413 1140 άρικομένης
441 1060 502 1136 περὶ
526 1056 671 1122 διαλύσεως
700 1061 746 1114 τοῦ
761 1057 892 1134 πολέμου,
911 1058 959 1117 καί

181 1149 338 1227 συγγνώμην
373 1150 425 1204 τῶν
460 1143 662 1222 ἁμαρτημάτων
698 1145 816 1216 άξισύσης
848 1147 957 1220 λαθεῖν,

131 1267 156 1305 10
181 1236 255 1305 δίκας
268 1240 282 1294 δ
297 1234 437 1313 Ῥωμύλος
452 1238 537 1301 αὐτοῖς
552 1235 682 1306 ἐπιτίθησι
703 1232 792 1300 τάςδε·
816 1233 907 1312 χώραν
929 1259 957 1295 τε

182 1326 346 1403 παραδοῦναι
366 1322 508 1396 Ῥωμαίοις
521 1321 569 1392 τήν
584 1326 703 1402 προσεχῆ
715 1325 753 1402 τῷ
763 1321 885 1400 ’δἐδέριι,
898 1324 957 1392 τοθς

180 1412 354 1488 καλουμένους
368 1410 460 1471 Ἑπτὰ
472 1410 583 1488 πάγους,
598 1410 709 1469 καὶτῶν
723 1410 795 1469 ἁλῶν
809 1413 957 1485 άποστήναι

181 1504 234 1558 τῶν
248 1498 321 1576 παρά
341 1507 398 1566 ταῖς
415 1498 534 1562 έκύολαῑς
548 1503 593 1557 τοῦ
613 1503 749 1574 ποταμοῦ·
766 1503 812 1558 τοῦ
829 1499 857 1558 δθ
876 1499 957 1578 μηδέν

181 1588 220 1646 ἔτι
230 1587 383 1665 νεωτερίσαι
395 1587 425 1647 τὸ
435 1584 529 1646 πιστὸν
539 1590 689 1669 παρασχεῖν
703 1587 790 1666 ὅμηρα
802 1588 956 1659 πεντήκοντ’

129 1705 153 1742 νς
182 1675 337 1754 ἀγαγόντας.
382 1672 599 1751 Ὑπομεινάντων
614 1674 637 1733 δ’
663 1677 828 1734 Οὐιεντανῶν
850 1676 955 1736 ἅπαντα

179 1766 270 1836 ταῦτα,
289 1765 400 1830 σπονδάς
422 1764 597 1840 ποιησάμενος
617 1762 685 1839 πρὸς
703 1764 794 1832 αὐτοὺς
815 1767 849 1832 είς
864 1765 955 1824 ἑκατὸν

180 1856 226 1926 ίτη
241 1852 349 1924 στήλαις
364 1851 504 1932 ἐνεχάραξε
522 1851 568 1918 al<
580 1851 728 1928 ὁμολογίαις.
771 1855 831 1913 Τῶν
850 1854 874 1909 δ’
888 1855 953 1931 αἰχ-

180 1940 309 2000 υιαλώτων
324 1939 382 2007 τοθς
398 1941 446 2017 μέν
462 1936 566 1997 ἀπιέναι
584 1939 756 2018 βουλομένους
770 1940 871 2020 άρῆκεν
888 1940 949 1998 ἄνευ

177 2029 295 2106 λύτρων,
319 2027 377 2096 τοῦς
391 2030 414 2085 δ’
429 2029 508 2086 αὐτοῦ
523 2027 608 2104 μένειν
629 2025 848 2107 προαιρουμένους
864 2028 955 2106 πολλῶ

91 2166 98 2201 ,
126 2138 153 2179 uo
178 2116 282 2185 πλείους
296 2116 373 2184 ὄντας
393 2121 446 2176 τῶν
461 2116 556 2195 ἑτέρων
568 2118 679 2182 πολίτας
701 2114 880 2199 ποιημάμενος
894 2119 953 2183 ταῖς

179 2209 306 2287 φράτραις
330 2209 468 2278 ἐπιδιεῖλε,
493 2205 538 2264 καὶ
557 2204 668 2284 κλήρους
686 2205 772 2271 αὐτοῖς
795 2204 951 2285 προσένειμε

177 2294 236 2360 τοὺς
250 2294 294 2355 lat
308 2296 370 2365 τάδε
384 2299 429 2352 τοῦ
448 2291 583 2371 ’θἐύέριος.

219 2384 293 2442 Lvl.
309 2373 391 2442 Οδτοι
414 2379 575 2452 συνέστησαν
599 2382 622 2438 oi
637 2379 748 2455 πόλεμοι
763 2378 898 2459 Ῥωμύλῳ
912 2379 953 2438 λά·

177 2492 224 2545 γου
238 2468 284 2529 καί
296 2469 402 2548 μνήμης
416 2468 491 2538 ἄξιοι.
519 2472 575 2529 Τοῦ
586 2469 613 2527 δὲ
627 2469 709 2544 μηδὲν
723 2467 762 2526 έτι
775 2472 827 2526 τῶν
842 2468 953 2540 πλησίον

125 2578 151 2615 τι
177 2559 257 2618 ἐθνῶν
271 2557 453 2636 ὑπαγαγέσθαι
467 2556 554 2637 παχεῖ’
569 2562 584 2628 ή
601 2557 709 2628 τελευτή
726 2565 771 2617 τοῦ
796 2557 863 2636 βίου,
887 2581 953 2632 συμ-

178 2646 239 2706 άᾶσ’
252 2646 290 2706 ἔτ’
304 2647 448 2725 ἀκμάζοντι
458 2649 530 2725 αύτῷ
545 2647 578 2704 τὰ
589 2647 704 2720 πολέμια
721 2647 857 2726 πράττειν,
874 2649 901 2705 έν
913 2649 953 2706 αἰ-

176 2733 220 2816 τίᾳ
230 2732 351 2815 γενέσθαι
361 2734 440 2804 ἔδοξε·
449 2736 509 2814 περὶ
519 2726 550 2806 ής
565 2733 657 2792 πολλοὶ
669 2734 861 2815 παραδέδονται
874 2734 948 2812 λόγοι

176 2824 222 2882 καὶ
247 2822 373 2903 διάφοροι.
427 2824 463 2884 Οἱ
487 2821 535 2899 μέν
563 2812 606 2879 οῦν
629 2822 814 2900 μυθωδέστερα
831 2822 864 2879 ab
885 2820 946 2899 περί

177 2913 256 2971 αὐτοῦ
271 2917 402 2977 ποιοῦντες
417 2909 620 2982 ἐκκλησιάζοντά
633 2932 710 2990 φασιν
724 2909 799 2969 αὐτὸν
814 2909 858 2968 int
870 2932 952 2989 στρα-

123 3015 149 3054 οο
177 3001 299 3072 τοπέδου,
327 3001 404 3079 ζόρου
419 2996 640 3078 κατασκήψαντος
662 2997 687 3065 έξ
712 2998 813 3077 αἰθρίας
833 2999 878 3056 καὶ
893 3023 951 3079 χει-

178 3093 262 3165 μῶνος
288 3090 402 3167 μεγάλου
439 3085 661 3165 καταρραγέντος,
691 3088 778 3167 ἀρανῆ
812 3085 949 3162 γενέσθαι·

176 3177 222 3235 καὶ
239 3177 443 3234 πεπιστεύκασιν
458 3174 509 3233 ὑπθ
524 3179 570 3232 τοῦ
585 3175 683 3252 πατρὸς
710 3173 799 3252 Ἄρεος
816 3175 859 3234 τθν
878 3175 953 3254 ἄνδρ’

175 3267 354 3346 ἀνηρπάσθαι·
378 3267 401 3322 οἱ
425 3263 453 3322 δέ
471 3263 504 3321 τθ
531 3263 696 3338 πιθανώτερα
716 3263 859 3344 γράφοντες
887 3267 951 3341 πρὸς

177 3358 229 3413 τῶν
248 3355 320 3413 ίδίων
343 3356 456 3412 πολιτῶν
475 3352 596 3431 λέγουσιν
613 3350 691 3408 αὐτὸν
713 3354 861 3411 ἀποθανεῖν.
898 3355 950 3412 Αί-

121 3454 147 3493 ii
176 3443 234 3502 τίαν
249 3443 276 3502 δὲ
288 3448 334 3515 τῆς
358 3441 513 3522 ἀναιρέσεως
529 3443 606 3500 αὐτοῦ
633 3440 739 3522 φέρουσι
753 3439 801 3511 τήν
813 3441 838 3498 τ’
860 3442 950 3522 άρεσιν

175 3535 228 3590 τῶν
238 3533 354 3612 ὁμήρων,
363 3530 406 3597 οθς
416 3532 480 3611 παρ’
491 3530 657 3592 Οὐιεντανῶν
669 3529 774 3601 έλαύεν,
789 3529 849 3589 άνευ
862 3535 950 3601 κοινῆς

174 3620 281 3697 γνώμης
296 3620 436 3696 γενομένην
459 3619 535 3697 παρδι
562 3618 591 3677 τδ
613 3619 710 3691 εἰωθὸς,
736 3619 781 3676 καὶ
805 3618 835 3677 τθ
855 3619 949 3697 μηκέτι

176 3706 220 3765 τθν
241 3708 319 3766 αὐτὸν
347 3706 539 3786 προσφέρεσθαι
567 3707 663 3784 τρόπον
687 3714 740 3772 τοῖς
768 3708 950 3785 ἀρχαιοτάτοις

176 3794 297 3860 πολίταις
316 3794 362 3852 καλ
383 3797 435 3857 τοῖς
460 3794 651 3873 προσγράφοις,
679 3793 748 3852 δλλθ
770 3793 829 3861 τοῦς
854 3797 902 3871 μέν
922 3799 949 3855 έν

120 3889 148 3929 ⁴⁰
174 3886 239 3961 τιμῇ
264 3883 366 3942 πλείονι
382 3884 465 3962 άγειν,
482 3886 532 3941 τῶν
545 3884 568 3941 δ’
582 3883 790 3960 ἐπεισαχθέντων
804 3887 947 3964 ὑπερορᾶν,

172 3970 203 4029 τά
222 3973 246 4028 τ’
270 3970 341 4042 ώμθν
357 3973 437 4032 αὐτοῦ
449 3971 510 4050 περὶ
530 3970 576 4036 τθς
589 3971 718 4047 τιμωρίας
732 3973 784 4027 τῶν
799 3969 949 4048 ἐξαμαρτα-

176 4058 271 4118 νόντων
282 4058 327 4115 καί
338 4057 466 4124 αὔθαδες·
480 4058 620 4131 Ῥωμαίων
631 4060 681 4137 γάρ
691 4081 762 4123 τινας
782 4057 825 4114 ἐπὶ
837 4060 947 4140 λῃστείᾳ

173 4149 225 4204 τῶν
252 4146 446 4226 πλησιοχώρων
464 4145 690 4225 κατηγορηθέντας
711 4144 766 4203 οὔτ’
783 4147 889 4226 άφανεῖς
904 4149 947 4206 άν-

178 4236 240 4313 δρας
254 4234 309 4292 οὔτ’
322 4234 424 4310 ὀλίγους
445 4235 579 4294 ἐκέλευσεν
598 4224 666 4293 ώσαι
678 4233 747 4292 κατὰ
758 4240 803 4292 τοῦ
818 4242 946 4313 κρημνοῦ,

118 4345 145 4385 45
172 4321 220 4393 τήν
233 4320 307 4393 δίκην
323 4321 397 4386 αὐτὸς
410 4321 485 4396 μένος
499 4322 621 4389 δικάσας·
639 4321 754 4398 μάλιστα
767 4323 791 4380 δ’
810 4322 848 4381 ὅτι
865 4324 945 4404 βαρὺς

173 4409 224 4481 ήδη
240 4408 285 4466 καὶ
296 4407 410 4479 αὐθάδης
425 4400 492 4466 εἶναι
514 4410 598 4469 ἐδόκει
622 4411 666 4469 καί
688 4410 736 4479 τήν
749 4408 833 4488 ἀρχὴν
859 4410 946 4469 οὐκέτι

173 4500 318 4579 βασιλικῶς
334 4496 403 4554 άλλδι
422 4500 641 4578 τυραννικώτερον
662 4499 773 4577 ἐξάγειν.
818 4500 868 4558 Διθι
884 4502 945 4558 ταύ-

170 4611 216 4652 τας
227 4584 258 4658 δὴ
280 4586 386 4663 λέγουσι
409 4586 455 4651 τὰς
480 4585 564 4652 αἰτίας
586 4586 732 4650 συστάντας
747 4589 788 4644 ἐπ’
804 4588 875 4663 αύτῷ
889 4593 945 4654 τοῦς

170 4674 323 4755 πατρικίους
352 4674 492 4751 βουλεῦσαι
515 4673 557 4731 τὸν
586 4673 673 4753 φόνον.
720 4674 825 4751 [ipitius
858 4675 886 4731 δὲ
914 4675 944 4732 τὸ

116 4767 143 4808 ⁶0
170 4763 244 4842 ἔργον
269 4765 296 4821 ἓν
315 4766 353 4841 τῷ
382 4762 560 4840 βουλευτηρίῳ
588 4761 632 4820 καλ
656 4762 788 4828 διελόντας
811 4761 841 4820 τθ
866 4764 945 4838 σῶμα

168 4851 237 4908 κατὰ
252 4851 319 4930 μέρη
333 4851 410 4929 χάριν
423 4857 467 4910 τοῦ
482 4848 519 4926 μή
535 4854 647 4930 μανῆναι
662 4850 706 4908 τθν
717 4849 805 4926 νειρδν
817 4848 926 4917 ἐξελθεῖν
932 4897 939 4923 ,

169 4938 330 5016 κρύπτοντας
344 4941 395 4997 ὑπὸ
408 4944 465 5006 ταῖς
483 4938 633 5016 περιῦολαῑς
653 4936 712 4996 ὅσον
737 4938 844 5003 ἕκαστος
869 4928 940 5016 εἶχεν

169 5026 249 5084 αὐτοῦ
274 5028 366 5107 μέρος,
395 5030 439 5089 καὶ
462 5028 528 5105 μετθ
552 5031 675 5105 τοῦτογῇ
702 5026 799 5104 κρύψαι
824 5023 892 5083 κατδι
912 5023 941 5082 τὸ

170 5113 273 5193 άφανές.
324 5119 360 5174 Οἱ
376 5119 400 5174 δ’
415 5119 620 5191 ἐκκλησιάζοντα
636 5112 683 5187 μέν
705 5116 783 5173 αὐτόν
793 5134 872 5194 φασιν
888 5111 938 5170 ὑπὸ

700 308 867 369 DIONYSll
890 308 1272 374 Halicaauassuusls

1014 455 1071 500 sunt
1098 456 1297 502 commonstra
1324 453 1434 517 pecuniis
1462 457 1489 504 et
1506 456 1583 506 armis
1603 460 1629 508 et
1654 460 1733 509 servis
1753 474 1791 509 ro·

1013 546 1084 609 terta,
1105 553 1131 598 et
1148 561 1222 597 naras
1243 547 1354 598 tluviales
1374 562 1462 613 magno
1481 554 1578 602 onustas
1593 557 1733 604 commeatu
1748 556 1790 605 in-

1014 648 1139 709 terooptoe,
1159 647 1183 696 in
1198 645 1289 708 quibus
1304 647 1458 709 captivorum
1477 647 1550 698 turba
1563 649 1666 700 Romam
1680 665 1724 714 por
1739 652 1790 704 tlu-

1014 740 1082 790 uium
1105 740 1187 791 delata
1210 745 1257 791 est.
1299 743 1350 792 iste
1368 744 1452 793 autem
1471 742 1558 794 tertius
1576 746 1674 796 llomuli
1695 750 1787 798 trium·

1012 839 1076 902 pbus
1098 838 1220 902 prioribus
1240 839 1312 902 longo
1328 840 1375 890 luit
1397 841 1599 906 magnificentior.
1632 846 1682 894 lieo
1704 845 1783 895 manto

1012 945 1081 1005 post,
1111 955 1167 991 oum
1199 940 1272 1005 legati
1298 942 1438 993 Veientium
1472 957 1558 1007 pacem
1582 944 1684 1009 petituri
1708 947 1786 997 sanb-

1012 1042 1076 1097 sent,
1100 1037 1313 1100 postulassentque
1327 1041 1354 1088 ut
1367 1038 1415 1089 sibi
1436 1038 1585 1091 delictorum
1596 1041 1668 1092 uenia
1680 1042 1787 1102 inetur,

1012 1137 1130 1187 Romulus
1157 1137 1205 1188 illis
1232 1137 1296 1188 banc
1316 1138 1434 1202 irrogavit
1456 1139 1590 1203 mulctam,
1616 1146 1645 1193 ut
1674 1143 1790 1193 ilomanis

1011 1253 1095 1304 agrum
1113 1239 1197 1290 Tiberi
1215 1240 1356 1304 contiguum
1371 1240 1467 1302 darent,
1491 1241 1533 1305 qul
1557 1243 1657 1306 δεμθοια
1671 1241 1726 1306 pagi
1740 1254 1789 1291 vo·

1012 1342 1091 1402 catur,
1107 1343 1149 1400 el,
1163 1354 1177 1389 a
1191 1340 1279 1391 salinis
1295 1339 1459 1400 abstinerent,
1472 1354 1529 1406 quae
1549 1344 1607 1391 sunt
1626 1341 1658 1391 ad
1680 1339 1789 1390 tluminis

1011 1441 1110 1503 ostium,
1127 1444 1152 1491 et
1169 1454 1200 1491 ne
1212 1441 1273 1507 quial
1285 1441 1343 1492 uori
1360 1441 1513 1503 molirentur,
1535 1442 1560 1492 in
1576 1441 1650 1491 iidem
1670 1441 1789 1504 quinqua·

1010 1544 1077 1608 ginta
1089 1541 1189 1593 obsides
1204 1543 1339 1594 traderent.
1359 1543 1422 1592 tium
1438 1547 1520 1593 autem
1534 1543 1648 1594 Veientes
1664 1542 1719 1592 baec
1731 1555 1788 1593 om·

1010 1649 1051 1700 nia
1064 1658 1138 1710 aequo
1158 1645 1240 1695 auimo
1262 1644 1383 1704 tulissent,
1401 1647 1530 1696 Romulus
1546 1643 1647 1695 indens
1659 1657 1715 1693 cum
1729 1642 1789 1706 ipsis

1010 1741 1035 1792 ln
1056 1745 1157 1792 centum
1172 1756 1249 1792 annos
1269 1741 1311 1791 icti
1335 1741 1486 1791 conditiones
1508 1742 1533 1791 in
1559 1740 1680 1791 columnis
1693 1737 1787 1788 incidit.

1010 1843 1127 1906 captivos
1148 1856 1217 1903 sero,
1241 1841 1285 1905 qui
1310 1841 1341 1891 ad
1364 1854 1423 1891 suos
1447 1841 1537 1891 reverti
1560 1840 1708 1900 voluerunt,
1734 1838 1787 1889 sine

1011 1944 1090 2010 pretio
1104 1943 1223 1994 dimisit:
1250 1942 1306 1993 illos
1322 1955 1382 1993 vero
1402 1942 1483 2005 quiin
1505 1943 1567 1993 urbe
1586 1955 1711 1993 remanere
1731 1955 1788 1991 ma·

1009 2045 1121 2102 luerunt,
1133 2057 1238 2106 quorum
1251 2058 1371 2094 naimarus
1392 2043 1463 2106 louge
1478 2044 1557 2094 maior
1573 2045 1620 2095 luit
1632 2057 1709 2107 quam
1723 2044 1786 2093 allo·

1008 2156 1073 2204 rum,
1082 2141 1182 2192 ciuitate
1194 2140 1297 2191 donatos
1309 2141 1334 2190 in
1346 2140 1428 2190 surim
1439 2140 1575 2202 distribuit3
1586 2139 1679 2204 stipsis
1688 2153 1786 2204 agrum,

1008 2241 1119 2306 quierat
1132 2240 1168 2292 cis
1180 2240 1297 2303 Tiberim,
1310 2240 1399 2292 sortito
1417 2239 1509 2292 divisit.

1038 2401 1100 2449 LVI.
1118 2402 1199 2462 Atque
1208 2397 1263 2447 baec
1276 2401 1333 2447 sunt
1345 2396 1408 2448 bella
1422 2400 1560 2448 memoratu
1570 2395 1643 2458 digna
1657 2410 1713 2460 quae
1726 2398 1778 2446 llo-

1007 2492 1783 2558 mulusgassil.Quodautomnullamproatereariciuarngentem

1007 2590 1145 2653 subegerit,
1162 2603 1229 2639 mors
1247 2589 1339 2649 subita,
1353 2591 1416 2654 (qua
1435 2589 1478 2639 ille
1492 2589 1566 2664 robus
1588 2587 1688 2638 bellicis·
1703 2589 1786 2639 adbuc

1006 2686 1095 2737 uorans
1116 2685 1228 2736 sublatus
1242 2690 1293 2747 est,
1306 2687 1331 2736 in
1357 2700 1445 2736 mussa
1458 2684 1556 2735 ridetur
1576 2685 1651 2736 luisse
1669 2704 1676 2735 ι
1695 2685 1784 2749 dequo

1005 2782 1084 2833 multa
1103 2787 1178 2847 atque
1195 2783 1263 2833 varia
1282 2782 1420 2833 traduntur.
1467 2781 1515 2840 Qui
1542 2781 1617 2845 igitur
1635 2780 1784 2831 fabulosiora

1006 2877 1037 2928 tls
1052 2890 1082 2928 oo
1093 2877 1217 2942 produnt,
1236 2878 1305 2927 aiunt
1319 2891 1375 2928 eum
1393 2877 1574 2928 concionantem
1591 2876 1727 2936 incastris,
1741 2889 1781 2926 rn-

1005 2974 1077 3036 pente
1097 2971 1153 3021 culi
1167 2971 1300 3022 serenitate
1315 2971 1339 3020 in
1353 2975 1431 3022 atram
1446 2971 1575 3034 caliginem
1588 2973 1693 3034 maula,
1708 2974 1733 3021 et
1746 2970 1783 3022 in·

1006 3065 1074 3131 genti
1088 3067 1235 3127 tempestate
1247 3078 1303 3113 curn
1319 3065 1413 3125 fragore
1428 3069 1520 3124 coorta,
1535 3078 1566 3115 ex
1584 3065 1708 3116 bominum
1721 3078 1782 3115 oon·

1006 3161 1092 3223 speetu
1106 3157 1242 3215 sublatum,
1256 3159 1310 3207 eta
1332 3158 1411 3206 blarte
1430 3160 1500 3219 patre
1514 3157 1644 3207 sublimem
1656 3159 1784 3221 abreptum

1005 3253 1116 3303 credunt.
1150 3251 1198 3308 Qui
1224 3263 1283 3299 voro
1298 3249 1407 3312 proxime
1429 3247 1462 3297 ad
1481 3249 1611 3299 ueritatem
1624 3250 1783 3310 accedunt,a

1005 3346 1100 3396 ciuibus
1125 3357 1216 3394 οωσυιιι
1245 3343 1353 3392 tradunt.
1397 3342 1478 3391 caedis
1502 3346 1584 3393 autem
1610 3344 1655 3392 bas
1681 3355 1782 3391 caussas

1004 3435 1123 3496 aiterunt;
1146 3435 1212 3499 quod
1231 3434 1329 3485 obsides
1349 3449 1363 3484 a
1385 3434 1530 3485 Veientibus
1556 3440 1669 3500 acceptos
1692 3439 1783 3499 praeter

1003 3540 1098 3577 morem
1112 3525 1164 3576 sine
1177 3525 1301 3575 communi
1315 3526 1391 3576 totius
1401 3526 1483 3590 populi
1496 3540 1614 3576 consensu
1632 3524 1782 3587 dimisisset,

1003 3621 1118 3686 quodque
1139 3634 1186 3671 non
1210 3620 1314 3685 amplius
1338 3619 1391 3683 pari
1416 3621 1532 3670 sumitate
1553 3622 1669 3669 tractaret
1686 3622 1782 3668 veteres

1003 3713 1069 3764 cives
1079 3718 1103 3764 et
1115 3712 1298 3776 adscripticios,
1312 3712 1355 3762 sed
1368 3713 1421 3763 illos
1433 3713 1533 3777 quidam
1549 3712 1573 3761 in
1588 3713 1675 3763 maiori
1688 3711 1781 3764 bonore

1003 3807 1111 3869 baberet,
1133 3822 1175 3858 sos
1198 3821 1255 3857 voro
1270 3807 1311 3869 qui
1335 3806 1421 3856 adsciti
1444 3810 1514 3855 erant
1531 3805 1675 3869 despiceret.
1709 3807 1778 3854 Prae-

1002 3904 1070 3952 torea
1090 3902 1144 3952 eius
1164 3901 1334 3952 crudelitatem
1357 3903 1383 3950 et
1405 3898 1568 3962 arrogantiam
1587 3897 1611 3945 in
1636 3896 1777 3958 delinquen·

1002 3993 1064 4042 tium
1080 3991 1227 4055 suppliciis:
1254 3991 1374 4054 quosdam
1398 3988 1463 4039 euim
1484 3988 1550 4038 cives
1570 3990 1692 4038 Romanos
1707 4000 1779 4037 accu-

1001 4087 1078 4145 satos,
1089 4082 1156 4147 quod
1175 4082 1200 4131 in
1219 4083 1356 4132 vicinorum
1374 4094 1432 4144 agro
1449 4078 1576 4130 latrocinia
1599 4078 1776 4142 exercuissent,

1001 4182 1068 4231 uiros
1082 4194 1162 4244 noque
1186 4181 1303 4244 ignobiles
1315 4195 1395 4246 nequo
1418 4192 1520 4244 paucos,
1539 4178 1570 4230 tle
1589 4192 1648 4229 saxo
1664 4178 1778 4244 praecipi-

1001 4279 1038 4325 tes
1062 4274 1116 4325 dari
1134 4274 1218 4334 iussit,
1242 4274 1294 4337 ipse
1319 4275 1387 4325 solus
1410 4287 1464 4324 eam
1483 4287 1583 4338 poenam
1601 4271 1653 4322 sine
1673 4272 1778 4323 aliorum

1000 4379 1120 4416 consensu
1135 4366 1184 4415 illis
1197 4366 1306 4429 irrogans
1321 4387 1328 4416 ι
1347 4367 1470 4432 praecipue
1481 4381 1551 4430 vero,
1560 4366 1626 4431 qnod
1637 4365 1687 4416 iam
1696 4364 1777 4430 grauis

999 4466 1024 4511 rt
1045 4474 1159 4524 arrogans
1180 4474 1242 4521 esso,
1256 4463 1281 4510 et
1292 4459 1423 4524 imperium
1442 4474 1491 4510 non
1514 4461 1579 4524 regio
1594 4458 1636 4509 sod
1651 4457 1777 4522 tyrannica

999 4567 1112 4607 exercere
1131 4552 1264 4603 videretur.
1299 4551 1337 4600 Ob
1358 4551 1403 4601 bas
1418 4551 1492 4616 igitur
1507 4564 1608 4601 caussas
1620 4549 1691 4599 aiunt
1702 4548 1776 4611 patri·

1000 4651 1058 4713 cios,
1069 4649 1249 4713 conspiratione
1264 4648 1290 4698 in
1310 4662 1366 4698 eurr·
1390 4648 1471 4709 iactu,
1495 4647 1569 4696 caedis
1587 4644 1715 4695 consilinm
1737 4655 1776 4691 ca·

998 4745 1063 4807 pisse
1075 4764 1082 4794 ι
1097 4744 1192 4793 lacinus
1206 4747 1289 4792 autom
1301 4743 1326 4792 in
1338 4747 1426 4792 senatu
1435 4743 1553 4805 patrasse,
1568 4740 1593 4787 et
1605 4736 1659 4785 eius
1671 4745 1774 4795 corpore

997 4837 1178 4899 discerpimus
1198 4834 1303 4884 cadaver
1323 4835 1464 4897 appararet,
1476 4829 1626 4890 egrediantes
1636 4823 1773 4874 occultasse

996 4926 1042 4976 sub
1058 4925 1223 4985 vestimentis,
1244 4923 1309 4986 quod
1332 4920 1436 4983 quaqua
1457 4918 1510 4968 sius
1530 4917 1636 4964 inustum
1649 4906 1772 4967 babebat,

995 5025 1128 5086 posteaque
1150 5022 1211 5072 clam
1230 5023 1297 5070 terra
1314 5015 1404 5067 iniecta
1420 5012 1521 5063 texisse.
1553 5007 1600 5059 Alii
1616 5018 1676 5057 uero
1687 5003 1770 5060 aiunt,

997 5131 1056 5169 eum
1076 5120 1256 5170 consonantem
1280 5127 1295 5163 a
1317 5111 1387 5162 noris
1409 5106 1505 5159 civibus
1523 5117 1635 5155 cassum:
1656 5100 1710 5152 illos
1723 5111 1772 5145 au-
