3772 5828
663 322 960 406 ANTIQUITATUM
981 324 1128 385 ttonlnn'.
1154 325 1223 386 LlB.
1248 327 1300 387 IX.
1378 386 1381 392 ,

173 461 281 526 Κόϊντος
301 455 418 529 Φάὺιος,
440 455 507 533 ἀνὴρ
519 453 659 522 ὑπατικός·
676 455 705 510 αἱ
728 454 755 512 δέ
772 452 818 512 δύο
833 453 879 511 οὑν
894 461 948 520 τοῖς

172 549 279 614 ὑπάτοις
293 545 398 616 ἐξῆλθαν
411 544 455 605 ἐπί
468 542 491 603 τ’
502 541 632 609 Αἰκανούς
642 541 689 601 καί
701 540 894 611 Οὐολούσκους.
907 540 949 602 Τδ

172 639 199 697 δέ
215 637 278 696 αὐτὸ
290 643 367 695 τοῦτο
385 633 431 692 καὶ
445 632 497 691 ὑπὸ
512 637 565 692 τῶν
579 630 714 708 πολεμίων
727 631 820 711 ἐτυχεν
839 630 893 703 ήδη
906 653 950 711 γι·

171 728 255 807 γονός.
301 724 339 785 ‘ll
354 722 401 800 μὲν
424 719 476 802 γάρ
489 719 618 796 κρατίστη
640 717 750 797 δύναμις
767 717 812 799 ἀφ’
825 716 950 799 ἐκατέρου

130 840 143 876 a
171 817 259 874 τῶνέθ
261 816 312 872 νῶν
323 813 482 872 συνελθοῦσα
492 808 627 889 ὑπαίθριος
638 798 669 882 ἦν
680 807 732 867 ὑπὸ
744 807 818 867 δυσὶν
829 808 950 885 ἡγεμόσι,

172 928 217 962 και
208 902 372 981 ἔμελλεν
357 922 411 959 ατο
433 903 481 970 τῆς
499 897 683 977 ‘''Eprireorv
648 921 714 976 γης,
731 889 850 972 ἐνῇ’
818 920 866 956 τοτ
866 887 944 970 ’ήν,

174 992 308 1072 ἀραμένη
328 997 417 1048 πᾶσαν
440 985 627 1047 ἐπελεύσεσθαι
646 984 696 1055 τήν
716 983 862 1062 Ῥωμαίων
878 983 949 1056 ὑπή-

174 1104 242 1141 κοον.
287 1078 361 1140 “llt
375 1067 454 1148 ἡττον
474 1074 574 1147 ἐκείνης
588 1073 711 1155 χρησίμη
735 1071 769 1131 τθι
793 1073 877 1133 οίκεῖα
898 1095 949 1132 πο-

174 1169 291 1245 λίσματα
302 1167 446 1247 ὑπελείφθη
458 1164 609 1244 φυλάττειν,
624 1160 662 1236 μή
673 1185 711 1229 τις
724 1160 814 1242 ἔφοδος
826 1159 952 1242 αἰφνίδιος

121 1283 147 1321 ιο
174 1257 307 1335 πολεμίων
326 1258 367 1316 ἐπ’
380 1253 447 1314 αὑτά
465 1251 586 1331 γίνηται.
630 1249 702 1331 Πρός
723 1254 810 1310 ταῦτα
827 1251 951 1328 βουλευο-

127 1386 130 1391 -
175 1349 258 1425 μένοις
270 1355 323 1412 τοῖς
333 1342 476 1420 Ῥωμαίων
491 1340 599 1407 ὑπάτοις
619 1339 703 1399 ἐδόκει
726 1338 867 1418 κράτιστον
881 1329 949 1399 εἶναι

172 1438 229 1501 ταῖς
242 1435 350 1493 πόλεσιν
362 1433 449 1490 αὐτῶν
464 1433 569 1508 πρῶτον
582 1429 726 1508 ἐπιχειρεῖν
759 1426 829 1485 κατὰ
850 1426 950 1485 τοιάνδε

172 1521 231 1580 τινά
254 1520 399 1602 λογισμὸν,
424 1515 466 1577 ὅτι
489 1514 676 1588 διαλυθήσεται
699 1514 730 1573 τὀ
752 1515 837 1574 κοινόν
861 1515 949 1573 αὐτῶν

174 1611 393 1690 στράτευμα,εέ
420 1606 542 1667 πύθοιντο
557 1603 663 1664 ἕκαστοι
687 1604 721 1664 τά
740 1606 824 1662 οέκεῑα
850 1603 877 1661 ἐν
893 1605 950 1670 τοῖς

120 1712 146 1749 ¹⁶
174 1702 210 1758 ἔτ
203 1703 293 1779 χάτοις
307 1698 369 1758 ὄντα
386 1695 528 1772 κινδύνοις,
551 1694 597 1752 καλ
610 1691 677 1752 πολὺ
698 1701 816 1772 κρεῖττον
831 1690 949 1771 ἡγήσεσ·

173 1725 259 1846 ταίτθ
271 1787 385 1869 σφέτερα
405 1784 514 1857 σῶζειν,
527 1782 545 1856 ἡ
559 1781 638 1842 τδι”
604 1805 656 1841 των
668 1780 803 1857 πολεμίων
819 1778 943 1860 φθείρειν.

175 1877 264 1937 Λοκ
234 1900 320 1956 ρητιος
340 1864 432 1954 μὲν*
401 1898 446 1934 ουν
462 1874 498 1940 είς
512 1869 560 1939 τὴν
578 1871 702 1933 Αλκανῶν
720 1868 862 1946 ἐνίύαλεν,
878 1870 949 1930 Οὐε-

174 1964 219 2023 τού
222 1988 273 2046 ιος
287 1965 311 2024 δ
323 1969 358 2032 εές
372 1963 420 2036 τήν
432 1957 619 2025 Οὐολούσκων.
664 1956 777 2019 Αἰκανοί
795 1947 891 2035 μὲν
860 1979 905 2016 ουν
916 1955 950 2015 τά

174 1988 235 2121 ἔξωρ
236 2052 359 2110 entered
351 2051 501 2128 τολλὺμενα
511 2050 696 2128 περιορῶντες,
705 2043 755 2120 τήν
764 2045 839 2106 πόλιν
854 2044 900 2105 καί
914 2044 948 2104 τά

118 2155 146 2195 ευ
173 2131 282 2213 φρούρια
297 2123 367 2211 εἶχον
384 2134 410 2190 ἐν
424 2131 539 2211 φυλακῇ.

214 2224 299 2283 LXX.
322 2221 486 2283 Οὐολοῦσκοι
501 2218 529 2278 δέ
551 2214 604 2276 ὑπό
620 2239 649 2275 τε
670 2214 781 2294 θράσους
805 2213 851 2273 καλ
868 2215 949 2274 αὐθα-

174 2311 243 2378 δείας
262 2307 450 2392 προαχθέντες,
466 2313 511 2366 τοῦ
523 2326 552 2365 τε
570 2303 725 2382 Ῥωμαϊκοῦ
738 2302 950 2383 στρατεύματος,

173 2407 207 2469 ὡς
220 2404 268 2461 οὑκ
284 2399 428 2479 ἀξιομάχου
449 2397 523 2463 ὄντος
534 2395 598 2477 πρὸς
614 2395 644 2453 τὸ
659 2395 759 2452 ἑαυτῶν
773 2394 871 2464 πλῆθος
885 2415 952 2468 σνμ·

175 2489 314 2568 φέρεσθαι,
341 2484 604 2568 καταφρονήσαντες,
634 2482 739 2554 ἐξῆλθον
763 2482 951 2562 ἀγωνιούμενοι

118 2595 148 2633 τε
173 2577 236 2656 περὶ
257 2580 305 2648 τῆς
318 2578 367 2654 γῆς
380 2574 427 2633 καί
438 2572 552 2646 πλησίον
566 2577 612 2632 τοῦ
630 2569 790 2650 Οὐετουρίου
805 2592 951 2649 κατεστρα-

176 2663 347 2726 τοπέδευσαν.
390 2652 444 2722 Οἷα
465 2661 492 2720 δέ
507 2664 576 2741 φιλεῖ
595 2658 707 2738 πάσχειν
721 2656 832 2739 στρατιά
845 2657 952 2718 νεοσύλ-

174 2755 265 2820 λεκτος
284 2752 314 2812 ἐκ
336 2775 366 2811 τε
380 2753 516 2810 πολιτικοῦ
539 2750 584 2808 καί
607 2756 752 2829 γεωργικοῦ
771 2746 836 2827 πρός
859 2747 950 2830 καιρὸν

174 2840 339 2907 συνελθόντος
358 2839 439 2918 ὄχλου
460 2838 637 2917 συναχθεῖσα,
664 2827 729 2914 ἐνὴ
755 2835 823 2897 πολύ
851 2836 896 2896 καλ
920 2837 952 2898 τδ

175 2931 287 2990 άνοπλον
300 2921 333 3003 ήν
344 2926 389 2988 καί
400 2927 526 2988 κινδύνων
541 2927 667 3006 ἄπειρον,
679 2925 733 2984 οὐδ’
749 2927 787 2992 είς
801 2933 893 3008 χεῖρας
908 2927 952 2986 ἐλ-

117 3043 147 3080 ao
175 3021 227 3077 θεῖν
240 3026 293 3086 ταῖς
317 3016 453 3094 πολεμίοις
476 3017 633 3095 ἐθάρσησεν,
649 3016 709 3074 ἀλλ’
724 3013 782 3090 ἅμα
800 3017 834 3094 τῇ
857 3012 950 3095 πρώτῃ

174 3109 225 3164 τῶν
239 3105 380 3182 Ῥωμαίων
394 3104 479 3186 ἐφόδῳ
493 3102 712 3182 διαταραχθίντες
733 3105 757 3160 οἱ
776 3101 887 3175 πολλοὶ,
905 3103 951 3161 καὶ

173 3194 231 3254 οὗτε
247 3192 400 3274 ἀλαλαγμὸν
411 3192 466 3254 οὗθ’
478 3190 568 3252 ὅπλων
583 3191 683 3252 κτύπον
695 3189 873 3271 ἀνασχόμινοι
888 3214 952 3272 προ-

172 3285 305 3364 τροπάδην
320 3284 414 3365 ἐφυγον
430 3284 466 3349 είς
476 3280 509 3340 τδι
523 3280 618 3361 τείχη,
636 3280 706 3341 ῶστε
728 3280 839 3347 πολλοὺς
859 3282 907 3358 μὲν
922 3283 949 3340 ἐν

173 3374 230 3439 ταῖς
245 3373 429 3453 στενοχωρίαις
448 3374 501 3429 τῶν
525 3371 591 3430 ὁδῶν
606 3367 824 3448 καταληφθέντας
846 3371 951 3427 ἀποθα-

120 3479 148 3516 as
174 3470 243 3534 νεῖν,
259 3463 352 3540 πολλῷ
368 3459 396 3521 δέ
417 3458 523 3526 πλείους
537 3456 612 3540 παρὰ
632 3458 691 3525 ταῖς
709 3458 806 3523 πύλαις
829 3456 948 3533 ῶθονμέ-

175 3573 232 3616 νους
258 3553 309 3608 τῶν
323 3521 425 3607 ἱίτπύων
449 3547 652 3606 ἐπιδιωκόντων.
709 3547 875 3609 Οὐολοῦσκοι
902 3546 948 3624 μέν

175 3659 221 3696 ουν
242 3637 324 3714 ταύτῃ
351 3634 516 3716 χρησάμενοι
546 3639 580 3714 τῇ
609 3645 732 3716 συμφορᾷ
758 3643 825 3714 σφῦς
853 3633 945 3700 αὑτοὺς

176 3730 286 3807 ᾐτιῶντο
299 3728 345 3796 τῆς
355 3722 511 3805 ἀφροσύνης,
523 3745 569 3782 και
558 3722 655 3781 οὐδὲν
666 3724 705 3782 ἔτι
721 3720 951 3802 παρακινδυνεύειν

178 3816 328 3894 ἐπειρῶντο.
372 3814 408 3875 Οἱ
423 3811 450 3871 δέ
464 3811 511 3877 τὰς
526 3814 552 3870 ἐν
563 3811 683 3892 ὑπαίθρῳ
694 3810 819 3892 στρατιάς
834 3810 951 3873 Οὐολού·

122 3933 148 3969 ιιι
176 3929 247 3966 σκων
258 3925 286 3960 τε
305 3901 352 3960 καί
367 3902 492 3962 Αἰκανῶν
507 3897 611 3980 ἔχοντες
623 3900 768 3978 ἡγεμόνες,
786 3897 949 3974 πυνθανόμε·

176 4019 214 4053 νοι
238 3992 272 4052 τδι
286 3993 370 4051 οίκεῑα
390 3989 595 4066 πολεμούμενα,
622 3991 739 4067 γενναῖόν
763 4013 788 4049 τι
812 3988 858 4048 καί
878 3980 949 4048 οὑτοι

1685 337 1687 342 ’
1723 337 1779 397 581

1004 461 1161 527 cuipraeerat
1184 468 1214 524 Q.
1240 466 1331 516 Fabius
1358 467 1397 517 vir
1419 469 1557 520 consularis
1578 471 1658 522 :duas
1681 474 1784 539 relique

1003 568 1061 605 cum
1082 556 1226 607 oonsulibus
1250 557 1277 607 in
1292 561 1386 622 AEquos
1408 562 1434 609 et
1452 559 1556 610 Volscos
1578 564 1636 611 sunt
1656 562 1783 627 prolectoe.

1006 647 1074 699 ldem
1089 651 1172 699 autem
1192 650 1243 713 jam
1263 653 1289 700 et
1309 649 1395 700 hostes
1413 649 1531 701 fecerant.
1565 654 1629 703 Nam
1654 656 1785 722 utriusque

1004 740 1086 802 gentis
1099 739 1270 790 firmissimum
1280 740 1358 790 robur
1366 740 1499 792 collectum
1511 742 1616 807 exierat,
1631 744 1680 795 sub
1686 744 1785 798 duobus

1005 828 1119 892 ducibus,
1135 836 1162 883 et
1175 833 1207 884 ab
1227 847 1286 898 agro
1307 834 1415 884 llernim
1432 835 1467 900 (in
1485 850 1536 901 quo
1552 840 1614 888 tunc
1637 839 1699 903 crat)
1714 838 1785 890 initio

1005 922 1089 986 facto,
1109 940 1181 991 agros
1194 927 1307 977 omnium
1321 927 1365 992 qui
1383 929 1467 993 populi
1483 932 1586 980 Romani
1600 931 1703 996 imperio
1712 945 1785 997 pare·

1005 1017 1066 1068 bant
1084 1018 1201 1070 invadere
1221 1019 1385 1069 constituerat
1409 1040 1415 1071 ι
1432 1020 1535 1085 retiquae
1549 1023 1640 1088 copiae,
1655 1023 1688 1074 ad
1701 1029 1784 1075 exter·

1005 1125 1063 1162 nam
1079 1112 1195 1163 militiam
1215 1113 1298 1163 minus
1319 1113 1409 1173 utiles,
1425 1113 1457 1164 ad
1471 1114 1620 1180 oppidorum
1639 1117 1785 1181 presidium

1006 1204 1100 1256 relictas
1116 1209 1183 1264 sunt,
1196 1219 1227 1256 uc
1241 1220 1292 1271 qua
1310 1205 1350 1256 vis
1362 1206 1489 1270 repentina
1496 1208 1563 1272 ipsis
1577 1209 1609 1260 ab
1620 1209 1735 1262 hostibus
1748 1211 1785 1262 in·

1005 1295 1120 1349 ferretur.
1153 1302 1223 1350 Tunc
1242 1299 1360 1349 Romanis
1375 1299 1518 1350 oonsulibus
1533 1302 1733 1360 consultantibus
1742 1304 1784 1355 vi·

1005 1405 1062 1443 sum
1072 1396 1112 1443 est
1125 1393 1248 1458 optimum
1258 1407 1344 1444 corum
1355 1393 1544 1454 urbesadoriri,
1556 1410 1585 1447 co
1597 1397 1699 1449 consilio
1715 1399 1785 1466 quod

1005 1500 1162 1537 communem
1175 1500 1261 1537 eorum
1280 1485 1418 1537 exercitum
1439 1486 1590 1539 dissolutum
1612 1489 1643 1540 iri
1657 1491 1783 1554 sciebant,

1005 1593 1028 1630 ει
1019 1579 1129 1645 singuli
1150 1593 1191 1630 res
1208 1593 1267 1630 suas
1284 1579 1310 1629 in
1330 1579 1449 1631 extremis
1464 1580 1582 1646 periculis
1602 1584 1695 1634 versari
1710 1585 1785 1638 intel·

1005 1670 1132 1729 lenissent,
1151 1684 1244 1736 cosque
1265 1671 1337 1734 longe
1359 1673 1438 1722 satius
1455 1687 1510 1724 esse
1524 1673 1646 1726 ducturos
1664 1691 1709 1727 sua
1729 1691 1784 1730 ser-

1004 1776 1079 1820 rare,
1091 1777 1167 1826 quam
1182 1776 1221 1813 res
1247 1762 1359 1813 hostium
1373 1769 1481 1817 vastare.
1516 1769 1647 1820 Lucretius
1667 1770 1745 1834 igitur
1759 1772 1786 1824 in

1005 1859 1155 1920 AEquorum,
1171 1856 1289 1907 veturius
1303 1857 1329 1907 in
1352 1858 1500 1908 Volscorum
1521 1872 1594 1922 agros
1607 1861 1705 1926 irrupit.
1739 1867 1783 1915 AE·

1005 1950 1165 2016 quiquidem
1188 1964 1303 2014 agmmm
1315 1949 1407 2000 damno
1431 1966 1461 2001 ac
1481 1953 1620 2004 vastatione
1642 1962 1785 2022 contempte

1006 2045 1092 2096 urbem
1103 2049 1129 2095 et
1141 2045 1293 2095 munitiones
1301 2043 1446 2095 tuebantur.

1037 2217 1108 2267 thll.
1122 2218 1153 2265 nt
1168 2213 1260 2273 volsci,
1274 2212 1378 2263 audacia
1393 2217 1419 2263 et
1434 2214 1574 2278 arrogantia
1586 2217 1698 2282 impulsi,
1722 2234 1783 2273 con·

1006 2318 1101 2381 tempto
1120 2317 1231 2367 Romano
1245 2313 1366 2371 exercitu,
1380 2316 1409 2363 nt
1433 2313 1478 2378 qui
1498 2316 1650 2367 sustinendo
1673 2319 1784 2384 ipsorum

1005 2409 1162 2462 multitudini
1179 2409 1246 2461 haud
1262 2423 1307 2474 par
1330 2413 1404 2473 esset,
1418 2409 1564 2474 prodierunt
1577 2427 1623 2478 pro
1635 2428 1694 2480 agro
1702 2422 1785 2468 cem.

1006 2509 1065 2569 turi,
1092 2512 1118 2559 et
1142 2521 1218 2573 pmpe
1242 2506 1376 2558 Veturium
1401 2512 1483 2558 castra
1505 2515 1649 2574 posuerunt.
1682 2514 1731 2565 Sed
1756 2520 1785 2566 ut

1006 2607 1118 2659 accidere
1138 2606 1202 2656 solet
1211 2605 1331 2656 exercitui
1347 2605 1392 2670 qui
1406 2609 1503 2656 constat
1516 2621 1548 2657 ex
1562 2607 1686 2659 tironibus
1699 2614 1725 2661 et
1738 2625 1784 2676 op·

1005 2706 1152 2773 pidauorum
1183 2706 1209 2754 et
1232 2703 1367 2765 agrestium
1385 2702 1461 2753 turba
1487 2717 1533 2769 pro
1563 2709 1674 2770 tempore
1693 2709 1785 2773 raptim

1006 2807 1101 2871 coacta,
1115 2801 1200 2877 inqua
1218 2813 1307 2865 magna
1325 2814 1383 2864 pars
1394 2802 1434 2851 est
1447 2815 1575 2851 armorum
1594 2806 1620 2853 et
1634 2805 1670 2855 rei
1686 2805 1783 2857 mitita-

1007 2899 1042 2950 ris
1052 2897 1180 2963 imperita'.
1196 2910 1254 2947 cum
1271 2896 1425 2948 hostibusne
1444 2911 1535 2947 manus
1546 2897 1648 2963 quidem
1657 2914 1785 2953 conserere

1000 3000 1066 3049 'sunt
1075 2995 1129 3047 ausi
1144 3017 1150 3046 :
1169 2994 1213 3045 scd
1224 2995 1304 3060 primo
1318 2997 1485 3047 Romanorum
1494 2995 1588 3060 impetu
1602 2997 1715 3062 plerique
1730 3003 1786 3080 tuf·

1008 3094 1067 3153 bati,
1079 3108 1157 3160 quum
1171 3107 1216 3144 noc
1235 3093 1355 3144 clamores
1372 3106 1417 3144 uec
1434 3107 1560 3145 armorum
1573 3097 1705 3161 strepitum
1720 3095 1785 3149 serre

1007 3192 1152 3259 potuissent,
1173 3191 1231 3256 iuga
1247 3191 1329 3243 effusa
1342 3191 1429 3243 urbem
1449 3193 1587 3257 petierunt,
1606 3194 1642 3244 ita
1657 3199 1685 3244 ut
1710 3196 1785 3247 multi

1006 3291 1032 3340 in
1050 3291 1148 3342 viarum
1163 3291 1284 3355 angustiis
1300 3291 1463 3356 deprehensi,
1481 3296 1507 3343 et
1530 3293 1601 3357 louge
1614 3293 1713 3358 piures,
1724 3295 1787 3346 dnm

1007 3402 1034 3439 se
1045 3389 1110 3439 circa
1120 3393 1204 3453 portas
1212 3393 1300 3439 mutuo
1312 3393 1436 3452 premunt,
1451 3390 1566 3455 equitatu
1582 3391 1729 3457 insequente
1740 3391 1786 3444 onr-

1007 3487 1105 3538 derunt.
1120 3485 1204 3536 Volsci
1219 3486 1359 3550 igitur,lnac
1378 3486 1448 3537 clade
1458 3489 1573 3551 accepta,
1593 3503 1665 3539 suam
1676 3489 1787 3554 ipsorum

1006 3583 1156 3636 dementiam
1167 3582 1331 3641 accusabant,
1347 3597 1393 3635 neo
1406 3583 1431 3634 in
1446 3588 1574 3650 posterum
1590 3586 1648 3636 hetti
1662 3585 1788 3639 fortunam

1008 3684 1103 3730 tentare
1115 3682 1173 3728 sunt
1187 3678 1250 3729 ausi.
1268 3681 1350 3729 Duces
1362 3693 1422 3729 vero
1435 3668 1582 3730 Volscorum
1595 3685 1621 3731 et
1635 3664 1782 3748 AEquorum,

1006 3778 1051 3843 qui
1062 3781 1142 3828 castra
1152 3775 1199 3826 sub
1211 3774 1253 3826 dio
1262 3772 1399 3832 habebant,
1411 3787 1491 3839 quum
1503 3774 1630 3827 audissent
1639 3777 1729 3843 oppida
1741 3793 1787 3830 sue

1006 3878 1072 3930 bello
1086 3878 1181 3944 premi,
1197 3879 1224 3929 ct
1244 3876 1292 3942 ipsi
1311 3889 1457 3942 generosum
1477 3878 1579 3944 aliquod
1599 3878 1696 3931 lacinus
1713 3881 1787 3932 edere

1006 3979 1157 4036 statuerunt,
1172 3974 1312 4038 castrisque
1331 3974 1407 4025 motis
1420 3988 1452 4026 ex
1464 3976 1629 4035 Hernicomm
1645 3981 1672 4028 et
1683 3978 1791 4027 Latino·⁸

175 4084 239 4162 δρῦν
254 4079 463 4155 ἐύουλεύσαντο,
480 4077 640 4146 ἀναστάντες
657 4082 687 4138 ἐκ
708 4081 756 4151 τῆς
771 4076 902 4159 Ἑρνίκων
921 4098 950 4135 τε
997 4088 1064 4126 ‘⁰¹¹¹
1079 4072 1153 4138 ⁸8¹5&
1174 4070 1404 4135 animii¹¹¹1>eluet
1424 4071 1552 4124 Μίθῑίῑθῑθ
1568 4076 1663 4139 quant&
1678 4075 1787 4125 massini

174 4170 220 4230 καὶ
243 4168 364 4230 Λατίνων
388 4171 436 4245 γῆς
460 4167 504 4226 ίπλ
528 4163 575 4238 τήν
603 4163 714 4243 Ῥώμην
737 4165 810 4244 ἄγειν
830 4168 866 4232 ῶς
880 4155 951 4245 εἶχον

174 4263 254 4341 ὀργῆς
268 4280 296 4317 τε
312 4256 357 4318 καλ
367 4254 465 4335 τάχους
481 4253 526 4314 τόν
539 4256 651 4335 στρατὸν
680 4254 750 4315 κατὰ
771 4253 873 4313 τοιάνδε
892 4253 952 4314 τινέι

117 4371 146 4410 ss
173 4351 218 4410 καλ
233 4347 308 4407 αὗταί
320 4344 412 4418 δόξαν,
428 4342 468 4404 δτι
483 4345 553 4403 δυεῖν
569 4342 653 4423 ἔργων
668 4345 757 4402 καλῶν
778 4341 887 4419 θάτερον
902 4344 952 4401 αὖ·

173 4443 227 4506 τοῖς
240 4439 407 4513 κατορθῶσαι
430 4431 557 4515 ὑπάρξει,
579 4431 597 4503 ἣ
610 4431 658 4503 τήν
672 4430 783 4508 Ῥώμην
801 4405 950 4511 ἀφύλακτον

174 4518 253 4586 οὖσαν
268 4529 352 4598 ἑλεῖν,
372 4524 390 4596 ἣ
404 4521 465 4590 τους
487 4523 630 4598 πολεμίους
644 4521 720 4579 lx*
689 4544 735 4592 της
751 4523 835 4580 ίαυτ
815 4544 852 4579 ων
864 4518 953 4599 χώρας

176 4615 360 4686 tetelmus
344 4637 379 4681 ως
401 4612 493 4686 δὴ
457 4637 510 4672 των
536 4610 644 4671 ὑπάτων
678 4607 952 4687 ἀναγκασθησομένων

176 4705 360 4785 πολεμουμένῃ
385 4708 418 4782 τῇ
439 4700 548 4781 πατρίδι
570 4703 685 4778 βοηθεῖν.
728 4701 824 4760 Ταῦτα
844 4698 950 4769 διανοη

120 4810 149 4846 so
177 4792 260 4856 θέντες
270 4769 353 4901 ήγφιι
382 4790 429 4862 τήν
464 4786 589 4871 στρατιὰν
618 4786 890 4867 ἐπιταχύνοντες,ν
864 4785 899 4846 ἵν’
924 4786 951 4855 ἐς

177 4880 377 4958 ἀπροσδοκήτου
403 4883 436 4958 τῇ
460 4878 537 4938 πόλει
562 4875 741 4956 συμμίξαντες
773 4875 846 4943 εὐθὺς
874 4874 951 4955 ἔργον

176 4996 186 5029 ε
208 4991 302 5028 ωνται.

189 4995 351 5118 YLXXIJ
342 5052 507 5134 Ἀφικόμενοί
528 5075 557 5114 τε
584 5052 665 5162 μίχρι
684 5052 808 5114 Τύσκλου
829 5052 948 5122 πόλεως,

176 5146 303 5222 μαθόντες
318 5165 362 5202 τον
377 5138 561 5224 περίύολον
529 5164 575 5216 της
590 5140 700 5220 Ῥώμης
721 5140 782 5201 δλον
800 5136 950 5212 πληθύοντα

1006 4173 1107 4238 possent
1118 4171 1198 4234 ipsam
1212 4170 1315 4219 Romam
1329 4172 1426 4232 petere,
1445 4168 1497 4220 isto
1508 4170 1611 4221 consilio
1622 4171 1670 4235 ipsi
1686 4186 1787 4237 quoque

1006 4268 1114 4334 impulsi,
1138 4269 1190 4318 lore
1208 4269 1238 4317 ut
1256 4281 1271 4318 c
1289 4266 1388 4318 duabus
1403 4266 1530 4332 procelaris
1549 4267 1624 4318 rebus
1644 4268 1721 4319 altera
1739 4268 1787 4318 sint

1007 4365 1112 4418 feliciter
1127 4364 1284 4424 succederet,
1300 4364 1340 4414 rel
1353 4367 1382 4414 ut
1395 4366 1499 4416 ltomam
1519 4362 1696 4414 incustoditam
1713 4377 1786 4429 cape·

1007 4469 1076 4523 rent,
1088 4462 1129 4514 vel
1150 4467 1179 4513 ut
1200 4463 1286 4513 hostes
1295 4476 1326 4513 er
1345 4476 1404 4526 agro
1416 4475 1462 4511 suo
1472 4462 1633 4526 expellerent
1653 4463 1712 4527 quia
1726 4476 1786 4512 con·

1006 4560 1074 4612 sules
1084 4559 1162 4610 coacti
1174 4563 1257 4609 essent
1271 4557 1359 4623 patriae
1380 4563 1530 4623 oppugnatas
1542 4573 1614 4623 opem
1628 4557 1699 4607 serre.
1733 4559 1787 4605 lloc

1006 4659 1083 4724 igitur
1095 4657 1200 4709 consilio
1220 4656 1359 4706 exercitum
1380 4655 1528 4708 festinanter
1549 4653 1688 4711 ducebant,
1710 4656 1738 4700 ut
1753 4666 1785 4701 er

1007 4753 1141 4820 improviso
1152 4753 1185 4804 ad
1204 4753 1291 4803 urbem
1305 4752 1460 4815 accederent,
1475 4756 1501 4803 et
1522 4751 1607 4801 statim
1622 4745 1786 4810 oppugnatio·

1006 4866 1063 4903 nem
1071 4851 1271 4917 aggrederentur

1038 5058 1122 5106 Llllll.
1135 5057 1242 5118 lamque
1254 5051 1391 5104 Tusculum
1404 5062 1484 5113 nsque
1507 5046 1641 5111 progressi,
1666 5061 1724 5099 curn
1740 5049 1785 5100 ri-

1005 5145 1100 5197 dissent
1119 5142 1208 5194 moenia
1224 5145 1332 5192 Romana
1345 5124 1446 5188 aurietis
1467 5134 1609 5187 hominibus
1624 5138 1736 5202 oppleta,
1757 5141 1785 5190 et
