3772 5828
54 858 67 894 b

45 1295 71 1334 to

43 2185 72 2223 20

587 343 883 416 intromittunt
905 343 1052 404 Romus.
1076 344 1149 404 LlB.
1173 346 1208 405 X.

94 480 181 557 becbuc¹
198 477 293 553 πόλιν,
308 477 341 550 ἣν
358 476 407 555 [όν]
431 480 470 556 τῷ
494 475 650 555 παρελθόντι
674 477 786 556 ἐνιαυτῷ
802 472 872 535 Ῥω·

95 569 181 647 μαίοις
190 565 357 647 παρέδοσαν,
373 563 421 636 τήν
431 587 460 623 τε
472 563 587 645 ρρουρδιν
597 563 645 635 τὴν
657 566 682 623 ε’ν
694 568 760 642 αὐτῇ
772 586 873 640 κοιμω-

96 658 175 734 μένην
189 657 319 734 εὑρόντες,
335 650 501 733 κατίσραξαν
516 651 585 723 πλὴν
600 652 710 728 ὀλίγων,
731 650 757 710 οί
779 651 873 733 ἔτυχον

96 749 353 827 ἀρυοτεροῦντις.,..·
377 745 401 800 οί
422 741 450 800 δὲ
470 739 557 801 λοιποὶ
579 741 682 820 μεγάλη
703 739 773 820 χειρί
787 763 872 821 στρα-

95 836 233 901 τεύσαντες
250 834 294 892 ἐπί
306 832 381 892 πολιν
392 829 527 911 Ὀρτῶνα,
539 837 584 891 τοὺ
597 830 717 892 Λατίνων
733 830 830 909 ἔθνους,
847 829 874 900 ίξ

97 921 189 1002 ἐφόδου
200 919 463 997 καταλαμόοίνοντιιι,
475 919 521 977 καί
535 919 584 977 ὅσα
598 917 750 996 Ῥωμαίους
761 920 812 998 οὐχ
824 908 874 978 οἷοί

96 1009 119 1069 τ’
133 1002 201 1082 ἦσαν
216 1009 394 1091 ἐργάσασθαι,
414 1013 500 1067 ταῦτα
522 1005 557 1065 δι’
575 1005 656 1088 ὀργὴν
678 1003 737 1075 τοὺς
761 1006 870 1084 συμμά-

96 1121 159 1179 χους
173 1101 258 1157 αὑτῶν
271 1097 399 1156 διίθισαν.
443 1097 469 1155 Τ
469 1092 512 1161 οὑς
528 1091 575 1171 μίν
587 1094 638 1172 γάρ
649 1097 675 1153 ἐν
695 1091 746 1169 ἤδη
761 1096 872 1169 πάντας,

97 1186 166 1257 πλὴν
182 1187 205 1245 εί
220 1210 286 1252 τινες
309 1185 445 1267 διέρυγον,
463 1182 536 1249 εὐθὺς
558 1181 734 1259 ἁλισκομένης
748 1186 797 1253 τῆς
818 1181 873 1242 πό·

98 1278 178 1347 λεως,
203 1276 375 1346 ἀπέκτειναν,
404 1279 530 1352 γυναῖκας
554 1269 582 1328 δί
597 1268 643 1328 καί
665 1271 762 1337 παῖδας
787 1272 873 1329 αὐτῶν

97 1365 142 1423 καί
162 1365 195 1422 τά
214 1363 313 1442 γηραιδι
333 1368 385 1422 τῶν
407 1361 537 1438 σωμάτων
562 1358 805 1438 ἠνδραποδίσαντο,
828 1358 873 1418 καί

97 1457 149 1512 ’τῶν
160 1454 315 1533 χρημάτων,
327 1450 377 1511 ὅσα
390 1450 499 1528 δύναμις
508 1442 539 1520 ἦν
549 1453 636 1516 αὐτοῖς
646 1446 741 1528 ρίριιν,
749 1470 874 1507 συσκευα·

98 1542 206 1619 σάμενοι
231 1543 301 1601 κατὰ
325 1542 456 1615 σπουδὴν,
479 1537 541 1619 πρὶν
561 1536 679 1604 ἅπαντας
697 1536 873 1610 ίπιόοηθῆσαι

100 1633 236 1707 Λατίνους,
254 1630 424 1710 ἀνέστρεψαν.
466 1628 575 1687 Τούτων
594 1625 621 1684 δὲ
635 1624 691 1702 ἅμα
707 1636 872 1706 προσαγγελ-

98 1723 214 1799 λομένων
240 1719 291 1779 ὑπό
311 1741 341 1778 τι
360 1715 480 1777 Λατίνων
496 1719 542 1775 καλ
563 1720 614 1776 τῶν
639 1717 669 1774 ίκ
689 1719 736 1785 τῆς
761 1724 875 1798 φρουρᾶς

99 1810 322 1883 intentisssime
340 1804 387 1884 μὲν
404 1804 485 1885 βουλὴ
500 1803 625 1884 στρατιάν
644 1803 787 1879 ίκπίμπιιν
809 1805 874 1885 ίψη-

99 1896 195 1977 ρίσατο
208 1897 254 1955 καὶ
272 1894 331 1961 τοὺς
351 1894 464 1961 ὑπάτους
479 1891 641 1974 ἀμφοτέρους
657 1890 827 1970 πορεύεσθαι·
849 1894 873 1951 οί

99 1986 126 2043 δὲ
142 1985 203 2065 περὶ
221 1983 265 2044 τὸν
277 1982 430 2064 θόεργίνιον
450 1981 604 2061 δήμαρχοι,
619 1979 739 2057 πέμπτον
755 1980 811 2048 ίτος
832 1979 876 2039 tsi

98 2078 145 2146 τῆς
160 2075 239 2144 αὐτῆς
258 2072 328 2139 ὄντες
344 2070 608 2150 ἐξουσίας,ίκώλυον,
622 2068 712 2148 ῶσπερ
723 2069 768 2127 καὶ
781 2070 809 2129 ίν
822 2075 876 2136 τοῖς

99 2162 224 2242 πρότερον
250 2160 353 2220 ἐποίουν
375 2160 477 2233 ίτεσιν,
498 2158 661 2234 ἐνιστάμενοι
683 2161 741 2225 ταῖς
764 2180 876 2234 στρατο·

99 2252 198 2330 λογίοις
210 2254 262 2310 τῶν
272 2249 396 2328 ὑπάτων,
412 2249 456 2308 τὸν
468 2247 538 2316 ἐντὸς
547 2247 649 2327 τείχους
660 2249 763 2328 πρῶτον
777 2247 876 2315 ἀξιοῦν·

98 2365 140 2409 τες
167 2343 347 2413 καταλυθῆναι
372 2338 506 2415 πόλεμον,
536 2335 706 2409 ἀποδοθείσης
734 2339 772 2416 τῷ
799 2335 877 2417 δήμῳ

99 2435 146 2502 τῆς
171 2427 232 2510 περὶ
250 2433 296 2488 τοὺ
311 2426 392 2504 νόμου
413 2424 596 2502 διαγνώσεως,
620 2423 648 2483 θν
664 2424 729 2503 ὑπὲρ
743 2428 790 2496 τῆς
814 2427 876 2498 ίοη-

100 2516 189 2597 γορίας
211 2513 362 2595 είαίριρον,
388 2512 405 2574 ὅ
426 2536 455 2571 τι
476 2515 559 2588 δῆμος
583 2513 671 2578 αὑτοῖς
694 2512 877 2589 συνελάμάανε

102 2601 214 2670 πολλοὺς
232 2601 300 2660 κατὰ
317 2604 365 2671 τῆς
391 2602 486 2680 βουλῆς
509 2600 554 2659 καί
580 2599 732 2680 ίπιρθόνους
756 2600 877 2670 διεξιοῦσι

104 2690 207 2769 λόγους.
220 2688 381 2765 Ἑλκομένου
396 2690 423 2748 δὲ
436 2695 481 2749 τοῦ
493 2687 603 2770 χρόνου,
618 2689 663 2748 καί
677 2687 736 2749 οὔτε
751 2693 802 2749 τῶν
810 2690 879 2750 ὑπό·

105 2804 157 2838 των
173 2778 354 2853 ὑπομενόντων
368 2778 561 2860 προόουλεὺσαί
579 2801 608 2836 τε
625 2776 669 2837 καί
682 2780 718 2846 τίς
734 2779 779 2837 τόν
797 2781 880 2858 δῆμον

105 2871 276 2949 συγγωρῆσαι
299 2865 463 2945 βουλομένων
487 2864 534 2939 τὴν
561 2867 733 2946 καταγραφὴν
759 2868 805 2927 καί
832 2868 879 2940 τὴν

101 2957 188 3024 ἔξοδον
203 2960 250 3028 τῆς
272 2965 398 3037 στρατιᾶς
413 2954 548 3034 γενέσθαι,
566 2955 650 3034 λόγοιν
664 2978 693 3014 τι
707 2958 812 3016 πολλῶν
833 2957 880 3019 καί

103 3048 283 3126 κατηγοριῶν,
304 3044 336 3112 te
354 3047 489 3105 ἐποιοῦντο
503 3042 564 3104 κατ’
579 3043 715 3118 ἀλλήλων,
739 3044 766 3104 ίν
780 3069 809 3105 τι
824 3055 881 3115 ταῖς

105 3137 256 3211 ἐκκλησίαις
267 3136 313 3195 καὶ
325 3137 369 3197 ἐπὶ
380 3141 426 3209 τῆς
442 3137 539 3216 βουλῆς
550 3135 638 3213 μάτην
653 3138 879 3217 ἀναλισκομένων,

104 3228 179 3308 ἑτέρα
193 3251 232 3295 τις
247 3226 399 3307 εἰσαχθεῖσα
409 3226 461 3287 ὑπὸ
471 3229 523 3286 τῶν
536 3224 682 3305 δημάρχων
694 3227 738 3285 ἐπὶ
751 3231 785 3308 τῇ
799 3230 881 3306 βουλῆ

104 3316 223 3378 πολιτεία
242 3314 288 3376 καί
302 3315 544 3395 παρακρουσαμένη
558 3314 589 3375 τὸ
607 3315 756 3397 συνέδριον,
771 3316 819 3388 την
834 3315 881 3394 μίν

105 3406 163 3464 τότε
174 3402 338 3483 κατέχουσαν
349 3405 441 3464 στάσιν
460 3404 605 3484 ἐπράυνεν,
619 3404 714 3483 ίτίρων
732 3404 760 3463 δί
775 3407 880 3465 πολλῶν

66 3512 77 3546 s
107 3493 151 3567 καί
163 3492 286 3570 μεγάλων
301 3489 403 3571 ἐγένετο
413 3493 650 3569 πλεονεκτημάτων
665 3492 737 3551 αίτία
746 3495 784 3574 τῷ
797 3492 881 3574 δήμῳ.

106 3581 276 3658 Διηγήσομαι
287 3580 314 3641 δὲ
328 3580 375 3640 καί
384 3579 483 3653 ταύτην
497 3580 545 3652 τὴν
563 3581 717 3640 δυναστείαν
727 3625 735 3658 ,
746 3580 773 3640 δν
783 3581 879 3662 τρόπον

107 3671 120 3725 ὁ
135 3669 216 3742 δῆμος
231 3665 320 3728 itate

146 3755 264 3817 xxvii.
289 3754 471 3834 Φθειρομίνης
488 3755 534 3815 καί
557 3757 768 3835 διαρπαζομένης
788 3761 834 3830 τῆς
854 3783 884 3820 τε

107 3842 252 3922 Ῥωμαίων
267 3845 313 3904 καὶ
325 3848 378 3904 τῶν
389 3844 538 3926 συμμάχων
549 3848 615 3923 γῆς,
627 3846 673 3905 καί
686 3849 738 3905 τῶν
748 3848 883 3924 πολιμίων

107 3937 141 3999 ὡς
155 3936 189 3991 δι’
205 3933 316 4013 ίρημίας
331 3933 493 3992 ίλαυνόντων
510 3933 569 3992 κατ’
583 3934 677 3993 ίλπίδα
686 3941 733 3994 τοῦ
745 3936 879 4013 μηδεμίαν

107 4020 149 4092 ἐπ’
164 4020 257 4088 αὐτοὺς
267 4019 446 4088 ίξιλεόσισθαι
456 4020 566 4099 δύναμιν
596 4017 639 4080 διδ
657 4022 706 4094 τὴν
719 4024 884 4104 κατέχουσαν

107 4110 135 4167 ἐν
147 4113 180 4190 τῇ
192 4106 268 4168 πόλει
282 4107 395 4182 στάσιν,
411 4111 436 4167 οί
452 4109 499 4185 μὲν
512 4108 609 4170 ὑπατοι
623 4112 673 4184 την
690 4112 786 4192 βουλὴν
801 4114 883 4186 συνή-

106 4221 205 4277 γαγον,
227 4201 263 4266 ὡς
281 4196 412 4276 περὶτῶν
432 4197 500 4257 θλων
516 4198 630 4279 impares
645 4206 724 4260 τοῦτο
746 4201 885 4280 βουλευσό-

108 4311 191 4366 μενοι.
208 4284 356 4360 Ῥηθίντων
367 4286 394 4345 δὲ
404 4287 510 4346 πολλῶν
521 4289 617 4367 λόγων,
634 4293 737 4369 πρῶτος
748 4291 886 4371 ἐρωτηθείς

66 4401 78 4437 u
107 4377 215 4455 γνώμην
230 4376 341 4444 Λεύκιος
357 4374 493 4455 Κοίντιος,
514 4379 582 4458 θτῷ
604 4379 761 4459 παρελθόντι
775 4381 884 4458 γενόμε.

108 4487 149 4533 νος
158 4465 210 4525 ἔτει
224 4467 371 4545 δικτάτωρ,
383 4460 449 4546 α’νλρ
458 4468 488 4525 οὐ
500 4465 579 4544 μόνον
591 4465 626 4526 τά
639 4467 754 4545 πολέμια
769 4470 884 4529 διινότα·

109 4576 150 4620 τος
168 4558 220 4613 τῶν
242 4553 302 4614 καθ’
317 4555 429 4630 ἑαυτὸν,
454 4553 523 4614 itii
544 4557 591 4616 καί
605 4555 641 4616 τδι
662 4555 788 4618 πολιτικά
802 4559 884 4619 δοκῶν

110 4632 177 4699 εἶναι
192 4644 400 4721 φρονιμώτατος,
420 4641 531 4724 γνώμην
550 4644 705 4724 άπιφήνατο
729 4690 775 4708 ....
799 4650 826 4706 ἐν
851 4639 887 4730 ᾔ,

111 4729 228 4806 μάλιστα
256 4733 303 4810 μὲν
324 4733 422 4794 πείθιιν
444 4731 504 4802 τοός
529 4756 558 4794 τι
581 4734 732 4816 δημάρχους
760 4738 807 4796 καί
827 4734 887 4805 τοὺς

55 4840 82 4878 τυ
112 4818 207 4884 ἄλλους
220 4822 344 4898 πολίτας,
363 4821 411 4897 την
437 4823 485 4903 μίν
504 4823 570 4906 ὑπὲρ
585 4829 630 4884 τοῦ
646 4824 727 4902 νόμου
744 4826 886 4905 διάγνωσιν

112 4908 186 4968 οὐδὲν
199 4911 224 4966 ἐν
237 4912 275 4987 τῷ
289 4912 401 4990 παρόντι
412 4914 620 4992 κατιπείγουσαν
642 4916 679 4984 τίς
698 4915 802 4994 ίτίρους
820 4918 887 4974 άνα-

111 4998 240 5058 ὅαλέσθαι
257 4996 362 5076 καιροὺς
385 5003 623 5084 ίπιτηδειοτέρους,
644 5002 689 5063 τδν
711 5001 734 5062 δ’
753 5005 781 5063 ίν
795 5001 886 5084 χερσίν

110 5088 175 5148 ὄντα
197 5088 243 5146 καί
256 5083 316 5145 όσον
330 5085 456 5166 οόπωτῇ
479 5091 555 5152 πολιν
575 5093 756 5167 πλησιάζοντα
770 5092 886 5166 πόλεμον

111 5176 228 5259 ἄρασθαι
239 5174 314 5254 ποίοῃ
331 5175 481 5257 προθυμίη,
493 5182 537 5237 καί
553 5170 596 5257 μίη
610 5182 735 5263 περιϊδεῖν
751 5178 799 5253 τὴν
819 5179 888 5257 μιτδι

1646 354 1705 415 607

932 485 1050 535 nonanis
1065 483 1220 539 dediderant,
1233 484 1374 548 praesidium
1386 486 1410 536 in
1429 500 1458 536 eo
1468 488 1575 551 sopitum
1588 493 1655 542 nacti
1670 494 1707 543 iu·

928 582 1052 645 quierunt,
1062 580 1174 644 exeeptis
1183 580 1279 644 paucis,
1290 581 1333 645 qui
1344 580 1407 632 torte
1419 582 1530 633 aberant.
1542 586 1638 650 Reliqui
1648 603 1707 640 vero

929 680 1020 745 ingenti
1038 693 1113 729 manu
1143 677 1174 728 ud
1196 683 1325 738 ortonam,
1350 679 1431 730 Latini
1453 681 1557 732 nominis
1574 684 1706 747 oppidum,

928 777 1042 844 proiecti,
1057 776 1083 826 id
1093 775 1172 840 primo
1199 776 1293 840 impetu
1318 779 1438 840 ceperunt
1451 781 1477 828 et
1495 779 1572 840 irarn,
1589 794 1665 844 quam
1682 783 1707 833 in

928 880 1051 928 Romanos
1066 876 1195 927 estundere
1223 890 1270 926 nou
1296 879 1440 942 potuerant,
1467 879 1491 929 in
1518 893 1603 931 eorum
1628 884 1709 936 socios

928 986 1015 1023 omnes
1031 973 1188 1033 effuderunt,
1209 985 1345 1036 omnesque
1371 973 1479 1038 puberes
1494 977 1649 1040 (praeterens
1664 983 1709 1044 qui

929 1071 1021 1131 statim,
1036 1070 1097 1121 dum
1116 1069 1176 1120 urbs
1193 1073 1335 1134 caperetur,
1356 1075 1498 1139 euaserant)
1515 1075 1707 1137 interimerunt,

928 1183 1020 1220 uxores
1031 1172 1057 1220 et
1078 1169 1168 1219 iibems
1180 1182 1268 1220 eorum
1285 1172 1358 1232 atque
1377 1183 1450 1220 senes
1467 1173 1579 1235 captivos
1597 1173 1707 1224 abduxe-

930 1269 995 1328 runt,
1015 1271 1040 1318 et
1056 1267 1177 1332 pecuniis,
1195 1280 1359 1332 quascunque
1383 1268 1448 1319 terre
1471 1274 1616 1342 potuerunt,
1641 1271 1708 1321 iesti-

929 1369 1017 1418 neuter
1030 1367 1148 1428 collectis,
1171 1366 1314 1432 priusquam
1328 1380 1415 1418 omues
1427 1367 1506 1417 tauri
1519 1368 1567 1419 illis
1576 1382 1708 1421 succurre·

930 1464 998 1521 rent,
1027 1460 1181 1511 sodomum
1214 1464 1369 1525 receperunt.
1403 1460 1450 1512 His
1474 1461 1571 1512 duabus
1596 1462 1709 1515 cladibus

929 1559 1016 1613 eodem
1043 1562 1154 1623 tempore
1171 1558 1304 1619 nunciatis,
1321 1561 1375 1607 tum
1399 1571 1415 1607 a
1433 1556 1539 1618 Latinis,
1554 1560 1607 1607 tum
1625 1558 1708 1617 abiis,

930 1656 975 1721 qui
990 1670 1020 1706 eu
1033 1669 1090 1706 aree
1102 1658 1174 1720 capta
1189 1655 1266 1718 elapsi
1277 1655 1383 1714 inerant,
1393 1659 1495 1705 senatus
1506 1659 1640 1719 utrumque
1650 1669 1709 1705 eon-

931 1749 1011 1800 sulem
1037 1761 1094 1798 outa
1120 1747 1228 1797 exercitu
1260 1747 1359 1795 mittere
1379 1746 1498 1797 decrerit.
1534 1751 1565 1797 nt
1586 1746 1710 1811 virginius

931 1838 1035 1902 eiusque
1043 1837 1155 1899 collegae,
1174 1835 1288 1900 (quintum
1303 1834 1355 1896 jum
1374 1850 1465 1886 annum
1477 1837 1590 1887 cunrdem
1602 1842 1707 1902 potesta·

932 1936 984 1983 iem
1010 1930 1142 1987 trabentes,
1165 1928 1189 1977 id
1211 1928 1378 1992 impediebant
1408 1929 1618 1993 quemadmodum
1639 1932 1711 1980 antris

936 2022 1105 2088 superioribus
1123 2022 1239 2080 ieeerant,
1264 2019 1408 2070 consulibus
1430 2020 1542 2071 deiectus
1564 2021 1712 2072 habentibus

934 2114 1127 2172 intercedentes,
1153 2117 1231 2176 utque
1244 2112 1410 2163 domesticum
1432 2112 1523 2163 bellum
1541 2113 1610 2177 prius
1624 2113 1711 2165 tinire·

934 2207 1149 2273 turpostutantes‚
1166 2204 1285 2270 permissa
1297 2203 1474 2270 piebisjudieio
1488 2205 1627 2270 cognitione
1641 2207 1710 2271 legis,

934 2315 1008 2367 quern
1021 2300 1052 2350 de
1064 2300 1127 2364 juris
1148 2298 1316 2362 oequubiiitate
1339 2297 1462 2358 terebrum
1477 2301 1503 2349 et
1520 2300 1572 2363 ipsa
1583 2298 1653 2363 plebs
1665 2299 1712 2349 iiiis

934 2394 1026 2444 multas
1051 2406 1126 2442 voees
1142 2391 1242 2442 invidiis
1267 2390 1352 2455 plenas
1373 2390 1399 2440 in
1420 2394 1534 2440 senatum
1562 2390 1713 2453 jactantibus

935 2484 1145 2550 suffragabuntur.
1180 2487 1263 2542 Quum
1296 2488 1380 2534 autem
1399 2487 1498 2546 tempus
1519 2483 1712 2546 protraheretur,

934 2591 982 2628 nee
996 2577 1109 2627 eonsules
1123 2576 1173 2640 peti
1191 2578 1291 2638 possent
1304 2573 1335 2624 de
1349 2587 1379 2624 eu
1397 2574 1449 2638 lege
1471 2575 1714 2624 senatusconsultum

937 2671 999 2731 beri,
1011 2683 1115 2733 eamque
1130 2668 1297 2732 promulgari,
1316 2680 1361 2717 nee
1374 2666 1464 2717 tribuni
1480 2665 1571 2715 velient
1592 2666 1715 2740 permitte·
1787 2681 1790 2687 ·

936 2780 976 2829 re,
1000 2767 1029 2815 ut
1047 2763 1160 2814 deiectus
1184 2762 1339 2813 haberentur
1370 2765 1396 2812 et
1426 2762 1504 2826 eopiso
1539 2760 1714 2824 educerentur,

935 2869 1061 2922 quumque
1075 2853 1154 2904 multa
1168 2854 1244 2905 verba
1255 2854 1312 2903 bine
1330 2853 1386 2904 inde
1401 2853 1497 2913 tierent,
1512 2853 1640 2917 multaque
1654 2867 1714 2904 oon-

936 2954 1000 3005 rieia
1018 2954 1084 3004 ultro
1096 2952 1216 3016 citroque,
1234 2956 1284 3001 tom
1299 2952 1324 3002 in
1344 2952 1518 3013 concionibus,
1534 2966 1610 3016 quam
1630 2953 1656 3002 iu
1674 2966 1715 3003 se·

919 3054 1005 3112 natu,
1019 3051 1114 3101 trustra
1133 3048 1296 3112 insinuentur,
1317 3063 1409 3099 novum
1427 3048 1554 3113 quoddam
1575 3049 1717 3100 institutum

937 3152 1023 3201 contra
1032 3150 1145 3199 senatum
1158 3161 1172 3196 u
1186 3147 1293 3197 tribunis
1306 3148 1449 3208 inventum,
1461 3161 1511 3210 quo
1523 3153 1607 3212 patres
1619 3147 1718 3212 decepti

936 3250 1049 3310 ruerunt,
1071 3252 1131 3299 tuuc
1154 3247 1254 3311 quidem
1285 3247 1353 3297 iiiam
1374 3247 1521 3297 seditionem
1545 3248 1647 3310 sopivit,
1670 3247 1715 3298 sed

938 3339 1003 3404 piebi
1014 3339 1093 3388 muita
1106 3341 1132 3388 et
1145 3351 1234 3399 magna
1248 3336 1378 3387 commoda
1399 3338 1491 3397 uttutit,
1510 3338 1615 3401 eiusque
1629 3341 1716 3401 poten·

937 3430 998 3481 tiam
1015 3430 1092 3480 unxit.
1125 3429 1255 3488 Quomodo
1280 3433 1365 3479 autem
1381 3429 1443 3479 bauo
1463 3443 1561 3494 quoque
1582 3431 1718 3493 potentiam

938 3522 1007 3588 plebs
1024 3522 1097 3573 tuerit
1107 3520 1211 3586 adepta,
1228 3521 1341 3571 narrabo.

968 3773 1068 3823 xxvii,
1087 3773 1151 3821 Dum
1174 3769 1259 3835 popuii
1279 3770 1384 3820 Romani
1400 3769 1574 3834 sociorumque
1592 3772 1645 3836 agri
1656 3772 1716 3823 diri·

938 3860 1103 3926 μετατίθησι
1116 3859 1201 3909 bostes
1216 3863 1336 3925 tanquam
1349 3871 1394 3922 per
1408 3857 1463 3908 ίοαι
1474 3856 1573 3908 deserta
1594 3859 1643 3910 iter
1657 3860 1720 3912 iace-

938 3952 1006 4007 rent,
1025 3947 1092 4011 quod
1121 3960 1268 4011 persuasum
1296 3947 1431 4007 baberent,
1455 3946 1551 3996 nullum
1580 3948 1719 4001 exereitum

940 4040 1027 4089 eontra
1052 4049 1079 4087 ee
1092 4035 1247 4101 proditurum
1261 4034 1294 4084 ob
1314 4035 1463 4086 seditionem
1483 4034 1640 4097 intestinum,
1662 4050 1721 4087 oon·

939 4128 1005 4179 sutes
1027 4129 1141 4179 mustum
1166 4127 1314 4189 coegerunt,
1336 4127 1365 4174 ut
1384 4127 1445 4176 tune
1460 4124 1492 4175 de
1517 4138 1613 4176 summu
1634 4140 1719 4177 rerum

939 4219 1090 4280 postremum
1119 4212 1292 4264 consultaturi.
1326 4213 1413 4263 diuitis
1445 4217 1530 4264 autem
1555 4214 1640 4266 uerbis
1662 4215 1719 4266 bine

940 4301 997 4357 inde
1012 4301 1095 4363 iactis,
1109 4301 1203 4364 primus
1216 4302 1316 4363 rogatus
1332 4297 1479 4349 sententiam
1494 4301 1521 4348 i..
1534 4300 1661 4360 Quintius,
1676 4300 1719 4363 qui

941 4390 1067 4453 superiore
1076 4403 1141 4441 auno
1154 4388 1261 4439 ‹iietutor
1275 4388 1366 4448 iuerat,
1388 4386 1427 4436 vir
1444 4401 1492 4437 non
1504 4389 1585 4437 solum
1601 4389 1625 4437 in
1643 4388 1720 4437 rebus

940 4477 1036 4530 beitiets
1045 4478 1190 4538 acerrimus,
1208 4475 1254 4528 sed
1271 4475 1346 4527 etium
1359 4475 1385 4525 in
1403 4475 1539 4527 tractandis
1551 4476 1665 4526 civilibus
1677 4490 1718 4526 ne·

941 4571 1015 4637 gotiis
1024 4568 1133 4620 omnium
1146 4570 1183 4620 sui
1196 4569 1274 4622 secuti
1283 4566 1506 4634 prudentissimus,
1527 4567 1590 4616 dixit
1604 4579 1648 4630 pro
1660 4579 1717 4615 sen·

941 4659 1027 4721 tentia,
1036 4657 1104 4723 quod
1122 4657 1231 4707 maxime
1241 4660 1292 4706 tam
1310 4658 1433 4713 tribunos,
1447 4669 1523 4720 qnam
1535 4657 1637 4704 nesteros
1651 4653 1719 4701 cives

941 4748 1028 4808 movit,
1049 4747 1116 4798 iliam
1142 4745 1201 4810 legis
1217 4743 1381 4807 cognitionem
1397 4748 1457 4794 tune
1471 4742 1571 4792 minime
1590 4741 1719 4801 urgentem

942 4838 968 4889 in
992 4835 1062 4888 aliud
1100 4840 1196 4898 tempus
1222 4833 1387 4897 opportunius
1411 4829 1571 4881 ditiercndam
1594 4843 1600 4875 ε
1624 4824 1718 4877 beilum

942 4923 1090 4987 vero,quod
1113 4925 1179 4974 esset
1199 4919 1424 4986 praemunisset
1438 4913 1615 4980 pmperuodum
1634 4913 1720 4980 reipu-

943 5011 1015 5064 blicae
1031 5012 1082 5074 iam
1099 5010 1248 5072 immineret,
1264 5008 1333 5060 omni
1352 5002 1478 5059 suntme
1490 4999 1565 5051 animi
1581 5000 1718 5067 suscipien-

941 5100 1012 5162 dum,
1022 5113 1067 5152 nee
1078 5099 1282 5152 committendum
1292 5100 1324 5149 ut
1337 5090 1478 5161 impetunt,
1494 5089 1581 5153 nunide
1593 5089 1719 5143 tuboribrn

941 5194 1056 5256 partum,
1072 5188 1178 5254 turpiter
1206 5190 1233 5239 et
1246 5182 1396 5265 Ιςτετίκ·
1570 5220 1587 5247 ,.
1599 5178 1720 5255 W*
1869 5266 1885 5287 ΙΙ
