3772 5828
636 372 931 447 AN'l'IQUlTATUM
951 376 1098 437 Roman.
1123 379 1196 437 ΗΒ.
1219 379 1268 439 lV.
1684 389 1741 449 θθί

136 499 239 573 «ἥκεις
257 523 307 579 μου
322 504 487 581 κατηγορῶν,
502 502 547 563 καί
569 504 627 564 οὐδὲ
641 509 685 564 νῦν
699 507 764 565 θποο
779 507 828 566 δεῖ.
868 510 910 568 Οὐ

131 617 144 642 a
159 587 209 670 γάρ
233 591 323 651 ίνθάδε
349 614 390 650 σοι
417 598 503 651 ταῦτα
518 592 646 672 προσήκοι
667 593 765 673 λέγειν·
791 596 837 655 καί
860 620 911 670 μη·

129 703 142 730 ι
158 677 199 738 δέν
225 677 372 758 ἀχθεσθῆτέ
396 701 440 754 μοι
466 684 550 738 ταῦτα
573 683 685 760 λέγοντι,
708 672 730 741 ῶ
756 683 853 764 βουλά
875 685 905 742 αθ

129 765 209 846 κ’γάρ
225 770 300 846 ὑμῶν
321 767 512 851 ἀφαιρούμενος
531 768 579 841 τὴν
599 770 756 850 διάγνωσιν,
771 773 841 833 ἀλλά
861 771 908 844 τὴν

86 871 100 909 ⁶
128 883 140 906 ι
157 856 253 916 τούτου
284 857 458 935 συκοφαντίαν
489 858 614 929 έπιδεῑξαι
642 860 798 940 βουλόμενος
824 866 908 921 ταῦτα

130 969 142 996 ι
159 945 244 1026 λέγω·
261 947 420 1027 προειπόντα
444 947 531 1025 δόμοι
545 949 589 1008 τὸν
612 950 695 1025 δῆμον
714 953 748 1018 είς
763 949 908 1022 ίκκλησίαν

130 1060 143 1084 ι
158 1040 313 1115 σοναγαγιῑν
327 1037 373 1096 καλ
397 1038 451 1096 tuat
471 1061 520 1115 μου
541 1046 707 1117 κατηγορεῖν.
751 1039 828 1112 Πλὴν
851 1040 908 1101 imi

130 1238 142 1263 ι
155 1212 320 1290 συγκαλέσας
334 1211 379 1272 τδν
392 1214 486 1286 δῆμον,
501 1213 649 1293 παρέξομαί
665 1238 706 1275 σοι
727 1216 853 1288 δικαστὴν
869 1207 907 1276 ῶν

75 1323 101 1362 ιο
127 1325 139 1353 ιι
154 1299 186 1359 ἀν
201 1325 252 1376 μου
266 1301 463 1382 κατηγορήσης,
474 1302 520 1361 καί
530 1303 660 1363 ἀποδώσω
669 1304 749 1362 πάλιν
762 1307 834 1386 αὐτῷ
848 1307 905 1364 δια·

127 1415 140 1438 ι
154 1392 264 1465 γνῶναι,
291 1395 401 1470 πότερος
423 1394 499 1467 ἡμῶν
518 1392 588 1450 έστιν
610 1394 815 1475 ἐπιτηδειότερος
835 1393 906 1473 ἔχειν

126 1502 140 1529 ιι
153 1475 200 1548 τὴν
215 1480 317 1558 ἀρχήν·
330 1480 375 1537 καί
394 1479 445 1538 ότι
461 1478 493 1538 δν
509 1484 620 1547 ἀπαντες
635 1473 706 1541 ούτοι
721 1486 802 1560 γνῶσι
821 1482 924 1563 πράτ-.

126 1592 138 1616 ι
152 1588 206 1625 τειν
228 1589 262 1644 με
275 1567 390 1639 ποιήσω.
445 1568 500 1630 Καὶ
516 1569 580 1647 πρδς
597 1568 645 1646 μίν
662 1569 690 1629 σὲ
713 1575 787 1631 ταῦθ’
809 1570 904 1631 ἱκανά·

125 1682 138 1709 ι
154 1657 183 1714 έν
195 1656 247 1736 ίσῳ
260 1656 311 1738 γάρ
326 1660 382 1716 έστι
404 1655 436 1717 τό
451 1681 479 1717 τε
493 1658 579 1717 πολλὰ
594 1658 683 1718 δίκαια
698 1660 763 1740 πρὸς
782 1659 841 1727 τούς
855 1662 905 1738 ἀγ-

74 1766 99 1806 ιο
125 1769 138 1794 ιι
152 1741 272 1822 νόνμονας
286 1746 430 1813 ἀντιδίκους
449 1744 551 1825 λέγειν,
574 1747 620 1807 καλ
645 1746 675 1806 τδ
699 1749 791 1826 θλίγα·
809 1749 841 1809 τδ
853 1746 905 1829 γάρ

126 1858 139 1884 ι
153 1841 244 1893 πεῖσον
260 1833 353 1902 αὐτούς
368 1824 434 1893 εἶναι
445 1834 575 1916 χρηστούς
589 1837 618 1895 οὐ
632 1837 767 1919 πεφύκασι
778 1836 865 1919 φέρειν
880 1839 904 1897 οί

126 1948 139 1975 ιι
153 1920 238 2000 λόγοι.

165 2011 322 2074 XXXV1.·
335 2012 429 2090 Ὑμῶν
441 2012 468 2072 δί
481 2012 645 2090 τεθαύμακα,
659 2004 682 2075 ῶ
695 2014 789 2096 βουλὴ,
803 2014 827 2074 τί
837 2012 905 2082 τινές

126 2100 217 2162 ιείσιν
247 2106 294 2175 τῆς
325 2106 410 2184 ἀρχῆς
433 2126 466 2180 με
496 2101 648 2171 ἀπαλλάξαι
674 2103 826 2182 βουλόμενοι
856 2103 904 2163 καί

71 2204 99 2243 ao
126 2188 226 2267 αμιτδ
247 2190 340 2252 τούτου
361 2190 548 2263 συνεστηκότες
573 2192 614 2250 ἐπ’
629 2194 690 2271 ίμί·
709 2193 792 2264 ἡδέως
820 2191 847 2251 δί
871 2191 903 2251 δν

125 2304 138 2330 ι
154 2279 286 2358 πυθοίμην
299 2280 365 2362 παρ’
378 2282 464 2340 αὐτῶν
476 2280 544 2348 τίνος
557 2281 721 2360 ἀδικήματος
732 2283 810 2342 ἕνεκα
821 2283 901 2341 πολε-

125 2368 229 2442 «μόῡσί
246 2392 291 2445 μοι
305 2370 350 2428 καὶ
366 2368 410 2428 ἐπὶ
426 2368 476 2426 τίνι
496 2371 548 2427 τῶν
564 2371 634 2445 ἀμῶν
649 2371 731 2451 ἔργων
749 2369 902 2450 ἀχθόμενοι·

125 2456 259 2534 «πότερον
275 2457 316 2516 ότι
340 2456 456 2524 πολλοὺς
478 2455 567 2516 ίσασιν
588 2457 633 2516 lat
658 2463 705 2531 τῆς
728 2459 794 2534 ἐμῆς
821 2459 904 2538 ἀρχῆς

126 2569 138 2596 ι
152 2545 273 2622 ἀκρίτους
296 2545 467 2613 ἀπολωλότας
481 2544 499 2617 ἢ
512 2550 560 2618 τῆς
581 2547 705 2624 πατρίδος
719 2546 904 2628 στερουμένους

69 2665 97 2703 25
124 2629 170 2703 «ἢ
192 2630 239 2698 τάς
257 2631 346 2700 οὐσίας
367 2633 568 2701 ἀπολωλεκότας
588 2634 606 2704 ἢ
626 2633 694 2713 άλλη
712 2633 763 2692 τινί
781 2643 903 2715 συμφορᾷ

126 2743 140 2770 ιι
152 2719 331 2800 κεχρημένους
345 2720 458 2798 ἀδίκως;
473 2719 491 2792 ἢ
504 2722 601 2781 τούτων
615 2722 663 2801 μὲν
672 2725 726 2782 τῶν
741 2725 902 2801 τυραννικῶν

127 2835 140 2860 ιι
154 2810 328 2885 ἀδικημάτων
339 2808 413 2868 οθδίν
424 2811 527 2890 ἔχουσιν
542 2813 625 2871 εἰπεῖν
641 2810 747 2890 γεγονὸς
760 2811 805 2871 ὑπ’
826 2812 900 2887 έμαῦ,

124 2921 137 2948 ι
148 2894 237 2976 θόρεις
250 2895 280 2955 δέ
298 2897 344 2974 μοί
366 2922 438 2967 τινας
460 2898 609 2960 συνοίδασιν
626 2901 661 2966 τίς
678 2907 805 2979 γυναῖκας
817 2921 901 2976 γαμε-

122 3012 135 3039 a
147 2986 194 3052 τάς
210 2983 228 3057 ἢ
244 2987 484 3066 προπηλακισμούς
503 2992 541 3056 τίς
558 2989 701 3068 θυγατέρας
720 2985 862 3068 παρθένους
883 2986 900 3059 ἢ

68 3106 96 3145 30
120 3100 132 3126 ι
148 3074 232 3148 άλλην
245 3073 305 3134 τινά
315 3077 375 3156 περὶ
388 3081 467 3153 σῶμα
478 3076 612 3156 έλεύθερον
624 3077 769 3137 ἀκολασίαν
780 3099 788 3149 ;
800 3076 901 3143 δίκαιος

123 3191 137 3216 ιι
156 3163 228 3239 μίντ’
245 3162 276 3223 δν
294 3164 369 3241 είην,
385 3165 445 3226 τίτί
471 3189 517 3241 μοι
536 3172 652 3225 τοιοῦτον
666 3165 839 3247 ἡμάρτηται,
854 3170 901 3238 τῆς

98 3278 103 3289 ·
122 3280 134 3304 ι
149 3256 233 3333 ἀρχῆς
247 3276 276 3312 τε
290 3253 347 3330 ἀμα
362 3252 467 3327 καὶτῆς
482 3257 569 3334 ψυχῆς
583 3255 799 3334 ἀποστερηθείην.
826 3252 900 3335 Φέρε

121 3343 264 3415 ι[ιίπεῖν]
289 3341 349 3403 ἀλλ’
365 3341 529 3423 ὑπερήφανός
554 3344 609 3419 ιίμι
628 3345 674 3403 καί
692 3343 736 3403 διὰ
763 3343 899 3424 βαρύτητα

120 3455 133 3482 ι
148 3430 266 3512 ἐπαχθὴς
288 3430 333 3489 καί
347 3430 395 3501 τὴν
410 3431 565 3510 αὐθάδειαν,
588 3423 606 3509 ᾗ
621 3430 756 3512 κέχρημαι
776 3431 839 3511 περὶ
851 3431 899 3504 τὴν

67 3544 95 3585 σς
121 3547 134 3573 ι
149 3519 244 3599 ἀρχὴν,
253 3521 334 3588 ούδείς
341 3521 429 3600 φέρειν
439 3520 549 3581 δύναταί
562 3545 630 3600 μους
641 3523 679 3589 τίς
690 3523 777 3598 μέντοι
784 3525 835 3582 τῶν
847 3522 900 3603 πρὸ

122 3633 136 3660 ιι
151 3610 215 3683 ίμοῦ
237 3608 366 3686 βασιλέων
389 3607 459 3669 ούτοι
484 3609 589 3691 μέτριος
607 3614 635 3670 έν
650 3611 753 3690 ἐξουσία
768 3610 897 3671 διετέλεσε

124 3694 195 3753 ικαλ
215 3695 393 3776 φιλάνθρωπος
418 3695 504 3756 ἅπασι
534 3699 587 3765 τοῖς
612 3697 731 3764 πολίταις
751 3701 785 3764 ῶς
810 3699 898 3777 πατὴρ

123 3792 231 3865 ιπρᾷος
250 3786 313 3853 υἱοῖς
329 3788 410 3845 αὐτοῦ
433 3785 586 3866 χριύμενοςς
606 3787 634 3856 δς
652 3787 743 3866 γεκαὶ
761 3785 808 3858 τὴν
826 3786 899 3857 έξου-

121 3902 134 3929 ι
150 3875 224 3948 σίαν,
247 3874 280 3948 ἣν
295 3878 368 3953 ὑμεῖς
389 3875 506 3935 ἐδώκατέ
520 3900 565 3952 μοι
580 3878 701 3958 πατέρων
724 3877 898 3959 φυλάττοντες

65 3999 93 4038 to
118 3990 130 4020 ι
146 3963 313 4045 παραδοχάς,
324 3967 374 4046 οὐχ
388 3964 494 4026 ἅπασαν
508 3965 654 4040 έόουλήθην
669 3966 751 4046 ἔχειν,
771 3965 839 4027 ἀλλά
853 3967 897 4028 νό-

119 4078 211 4130 «μους
229 4076 258 4111 τε
280 4051 347 4134 ύπέρ
374 4057 426 4114 τῶν
449 4055 618 4136 κυριωτάτων
647 4055 896 4134 καταστησάμενος,

120 4164 135 4201 α
151 4142 195 4211 οθς
209 4141 324 4211 ἀπαντις
338 4142 532 4222 έπεκυρύισατι,
546 4144 616 4205 κατὰ
630 4144 735 4213 τούτους
745 4149 808 4223 ύμῖν
822 4146 896 4206 ἀπί-

120 4259 133 4285 ι
153 4233 226 4291 δωκα
241 4232 341 4292 διδόναι
359 4230 394 4290 τδι
410 4231 500 4291 δίκαια
515 4233 560 4293 καί
574 4233 733 4311 λαμόάνειν,
755 4233 802 4293 καλ
822 4236 897 4303 αὐτὸς

119 4319 311 4398 «ἐξηταζόμην
334 4323 437 4400 πρῶτος
464 4311 501 4388 οἷς
528 4319 613 4400 ῶρισα
635 4321 705 4383 κατδι
731 4325 784 4382 τῶν
807 4323 895 4383 ἄλλων

64 4431 90 4471 ιι
116 4435 128 4462 ι
145 4409 264 4482 δικαίοις,
279 4406 369 4490 ῶσπερ
387 4407 493 4482 ἰδιώτης
512 4410 676 4487 πειθόμενος·
689 4413 741 4467 τῶν
759 4432 789 4468 τε
801 4409 897 4481 ἀδικη-

119 4524 131 4550 ι
144 4499 237 4577 μάτων
251 4499 301 4578 οὐχ
312 4497 437 4558 ἀπάντων
452 4496 527 4564 αθτδς
539 4497 665 4577 ἐγενόμην
680 4494 814 4569 δικαστὴς,
828 4497 897 4556 ἀλλά

118 4613 132 4641 ιι
145 4587 192 4654 τδς
208 4585 342 4654 ἰδιωτικάς
359 4585 434 4653 δίκας
449 4589 512 4662 ύμῖν
526 4585 653 4645 ἀπέδωκα
668 4584 861 4664 διαγινώσκειν,
881 4584 896 4644 θ

117 4679 194 4735 «τῶν
225 4676 369 4756 ἔμπροσθεν
395 4674 477 4743 οθδεὶς
502 4675 609 4746 ἐποίησε
640 4675 781 4750 βασιλέοιν.
825 4673 896 4734 Ἀλλ’

116 4792 129 4817 ιι
144 4763 227 4823 έοικεν
242 4765 360 4840 ἀδίκημα
375 4763 424 4841 μέν
438 4762 512 4822 οὐδὲν
526 4754 602 4836 εἶναι,
618 4763 651 4823 δι’
665 4762 679 4823 δ
694 4762 894 4843 δυσχιραίνουσί

63 4874 91 4914 ιο
116 4880 128 4905 ι
144 4853 191 4927 μοί
211 4875 289 4924 τινες,
309 4856 336 4910 ui
349 4851 372 4910 δ’
385 4853 422 4919 είς
436 4850 467 4910 τδ
482 4851 624 4928 δημοτικὸν
638 4855 737 4923 πλῆθος
748 4851 895 4930 ιύεργεσίαι

115 4941 237 5003 «λυπεῖν
259 4944 326 5016 apa<
339 4939 453 5016 fidiacus,
477 4941 538 5021 περὶ
561 4931 599 5001 ῶν
621 4941 749 5010 πολλάκις
764 4941 895 5002 ἀπολελό-

116 5061 128 5085 ι
143 5054 231 5112 γημαι
246 5030 309 5110 πρδς
322 5032 401 5107 ύμάς.
418 5028 491 5089 Ἀλλ’
506 5028 580 5089 ούδίν
597 5030 637 5090 δεῖ
648 5030 748 5089 τούτων
770 5028 826 5088 νυνλ
841 5033 894 5089 τῶν

116 5149 129 5174 ι
142 5121 240 5200 λόγων·
256 5122 278 5179 εί
294 5118 365 5178 δοκεῖ
378 5127 495 5201 κρεῖττον
509 5120 717 5193 έπιμελήσισθαι
734 5121 786 5176 τῶν
802 5121 895 5179 κοινῶν

117 5205 291 5286 «Ταρκύνιος
311 5205 420 5287 circui,
439 5206 472 5266 τδι
495 5206 641 5286 πράγματα
658 5203 840 5284 παραλαύὼν,
866 5207 896 5265 ού

966 532 979 555 ιι
991 514 1129 579 quidquam
1144 516 1204 565 mihi
1219 521 1302 579 patres
1319 517 1450 581 conscripti
1462 517 1517 570 haec
1530 520 1621 572 dicenti
1639 539 1742 575 succen-

966 645 977 668 «
991 626 1067 676 seatio
1091 626 1153 685 (uon
1166 627 1231 676 enim
1251 627 1305 676 hoec
1317 640 1347 677 ea
1368 629 1451 678 mente
1464 628 1521 679 dico
1539 634 1568 681 ιιι
1584 634 1743 696 cognitionem

966 756 978 780 ιι
993 741 1083 787 nostrae
1097 751 1193 788 caussae
1209 739 1280 789 vobis
1292 739 1410 803 eripiam,
1426 740 1470 791 scd
1484 744 1512 792 ut
1523 742 1597 792 liuius
1608 745 1742 794 calumnias

964 866 977 890 ιι
996 848 1066 898 vobis
1084 848 1227 911 ostendam)
1251 848 1295 900 sed
1313 849 1422 900 debebas
1436 865 1476 902 me
1490 866 1642 916 praemonere
1660 857 1688 905 ut
1699 869 1743 920 po·
1816 920 1819 925 y

963 971 976 994 «
990 951 1076 1016 pulum
1088 951 1120 1002 ad
1133 952 1274 1003 concionem
1296 969 1465 1017 convocarem,
1479 960 1553 1021 atque
1564 957 1598 1008 ibi
1616 973 1657 1010 me
1671 973 1743 1010 accu-

963 1079 975 1102 «
990 1072 1054 1110 sare.
1069 1062 1172 1120 Verum,
1184 1061 1302 1124 quoniam
1319 1068 1346 1113 tu
1357 1063 1404 1113 hoc
1415 1065 1535 1129 retugisti‚
1547 1080 1592 1129 ego
1602 1070 1644 1116 lua
1655 1079 1744 1118 caussa

131 1121 197 1181 ’σὺ
217 1128 293 1184 τοῦτο
318 1125 466 1206 'difflui
492 1126 544 1203 ἷίὼ
566 1129 626 1205 περὶ
650 1133 696 1185 σοῦ
719 1129 836 1200 ποιήσω’
862 1128 908 1188 καί
959 1130 975 1207 ἰι
991 1164 1038 1214 troc
1054 1163 1152 1224 iactam,
1169 1168 1195 1216 et
1208 1171 1342 1217 convocato
1355 1168 1446 1232 populo
1460 1182 1517 1219 eum
1532 1169 1638 1221 iudicem
1652 1170 1742 1222 laciano

962 1290 975 1315 ιι
989 1271 1136 1331 criminum,
1149 1286 1206 1338 quar
1221 1274 1280 1325 milri
1292 1275 1387 1335 obicis,
1403 1280 1428 1326 et
1440 1277 1474 1326 illi
1494 1278 1637 1342 permittam
1652 1282 1680 1329 ut
1696 1277 1743 1329 de-

961 1393 973 1416 ι
989 1388 1040 1424 ιιιιο
1060 1374 1195 1437 θοοοιιικι,
1218 1379 1273 1427 uter
1294 1381 1406 1428 nostrum
1429 1393 1505 1442 regno
1525 1381 1558 1429 ait
1572 1381 1667 1444 dignior
1689 1400 1696 1432 :
1717 1384 1744 1434 et

962 1499 974 1522 ιι
987 1480 1056 1544 quod
1077 1478 1103 1531 hi
1124 1481 1234 1531 universi
1256 1481 1338 1533 lacere
1354 1497 1394 1533 mc
1408 1482 1564 1535 decreverint
1582 1485 1679 1537 luciam.
1697 1489 1743 1538 nt·
1766 1478 1768 1482 ’

961 1607 974 1631 ι
988 1602 1037 1651 quo
1049 1588 1093 1639 tibi
1109 1589 1169 1638 satis
1182 1602 1335 1653 responsum.
1372 1590 1475 1647 Quoties
1491 1591 1557 1640 enim
1569 1605 1610 1641 res
1623 1591 1695 1642 alicui
1704 1594 1744 1644 est

963 1712 975 1734 ι
990 1705 1047 1742 cum
1061 1692 1151 1758 iniquis
1159 1692 1315 1756 adversariis,
1332 1695 1485 1746 sivemultas
1495 1697 1548 1746 sive
1560 1710 1653 1761 paucas
1664 1697 1741 1748 ratio·

961 1820 973 1841 ιι
990 1812 1034 1851 nes
1050 1800 1138 1857 allent.
1159 1798 1225 1850 idem
1238 1801 1318 1860 ναίοις
1331 1814 1361 1850 eo
1378 1802 1443 1851 enim
1462 1807 1520 1852 sunt
1537 1802 1646 1866 ingenio,
1665 1806 1695 1854 ut
1706 1804 1742 1854 eia

962 1926 974 1948 «
988 1908 1016 1955 ut
1029 1904 1091 1970 frugi
1106 1907 1156 1956 sint
1168 1906 1250 1956 verbis
1264 1906 1412 1970 persuadere
1424 1920 1540 1971 nequeas.
1554 1929 1566 1952 ν

993 2015 1102 2063 xxxvl.
1124 2034 1137 2057 «
1154 2013 1267 2064 Demiror
1287 2015 1384 2074 autem,
1401 2015 1484 2078 patres
1506 2013 1656 2079 conscripti,
1674 2015 1740 2078 qnod

962 2126 974 2149 ι
989 2106 1097 2156 nonnulli
1110 2110 1219 2158 vestrum
1239 2108 1307 2168 sunt,
1324 2105 1367 2169 qui
1380 2120 1420 2156 me
1434 2120 1507 2170 regno
1521 2107 1611 2171 pellere
1625 2107 1701 2158 velint
1715 2112 1742 2158 et

961 2221 973 2244 ιι
989 2214 1046 2251 cum
1066 2202 1112 2250 islo
1124 2201 1244 2251 adversus
1264 2214 1304 2251 mo
1325 2201 1497 2265 conspirarint.
1531 2201 1656 2252 Lubenter
1676 2202 1741 2252 enim
1770 2252 1773 2259 ,

961 2314 973 2337 ι
988 2308 1020 2346 ex
1035 2294 1082 2345 illis
1095 2307 1241 2358 quaererem,
1259 2293 1292 2344 ob
1311 2307 1388 2358 quam
1408 2293 1520 2345 iniuriam
1539 2299 1664 2359 acceptam
1679 2295 1743 2345 mihi

962 2405 975 2429 ιι
985 2388 1079 2437 bellum
1097 2388 1217 2445 interant.
1238 2392 1264 2438 et
1283 2387 1349 2451 quod
1360 2401 1445 2438 meum
1461 2388 1556 2438 lacinus
1568 2401 1632 2451 aagm
1652 2390 1740 2441 lerant.

961 2499 972 2521 ι
988 2483 1077 2531 Utrum
1095 2480 1161 2546 quod
1184 2482 1267 2531 sciunt
1282 2481 1375 2532 multos
1395 2482 1443 2532 sub
1463 2482 1564 2547 imperio
1580 2496 1636 2533 ineo
1654 2496 1741 2534 caussa

961 2595 972 2616 ιι
988 2573 1078 2624 indicta
1087 2575 1190 2637 periisse
1206 2580 1250 2625 aut
1262 2575 1325 2624 bona
1335 2576 1448 2627 amisisse
1460 2576 1559 2626 autalia
1570 2576 1686 2640 quapiam
1696 2579 1740 2627 tui-
1822 2560 1825 2565 ‘

961 2681 1039 2731 tqua
1063 2667 1202 2717 calamitate
1226 2681 1358 2732 oppressos
1388 2673 1458 2718 esse?
1503 2673 1541 2718 dn
1563 2683 1621 2719 vero
1645 2672 1741 2719 uultum

960 2781 972 2805 ι
988 2761 1089 2826 quidem
1109 2760 1248 2809 huiusmodi
1263 2760 1417 2823 tyrannicum
1439 2762 1549 2811 sesima
1565 2774 1606 2811 me
1617 2763 1740 2825 patratum

960 2874 971 2896 ιι
987 2853 1070 2903 dicere
1090 2855 1194 2916 possunt
1212 2852 1277 2902 :sed
1297 2852 1381 2902 laesam
1399 2857 1566 2904 matronarum
1578 2852 1738 2918 pudicitiam2

959 2967 971 2988 ιι
985 2950 1029 2994 aut
1051 2945 1226 2996 contumeliose
1243 2949 1416 3008 constupratos
1437 2945 1558 3010 virgines,
1578 2951 1623 2998 aut
1639 2947 1738 3010 aliquod

958 3059 970 3082 ιι
986 3039 1053 3090 aliud
1072 3039 1192 3104 llagitium
1206 3040 1395 3103 intemperanter
1413 3040 1438 3090 in
1453 3039 1578 3089 horniuem
1602 3040 1707 3090 liberum
1724 3057 1739 3091 a

958 3152 971 3178 ι
983 3146 1025 3183 me
1042 3133 1178 3184 admissum
1191 3133 1290 3185 sciunt?
1302 3135 1410 3198 AEquum
1431 3133 1497 3183 endu
1507 3137 1560 3194 est,
1573 3133 1594 3182 si
1609 3134 1670 3196 quid
1688 3137 1739 3186 talo

958 3247 970 3270 ιι
985 3229 1115 3292 patrarim‚
1138 3231 1166 3278 ut
1184 3242 1259 3291 regno
1272 3241 1321 3277 uua
1339 3243 1396 3279 curu
1414 3228 1468 3292 ipsa
1485 3228 1537 3279 vlla
1556 3228 1646 3292 priver.
1687 3231 1737 3280 Sed

958 3345 970 3368 ι
984 3326 1087 3376 tortasse
1105 3325 1179 3375 nimis
1200 3338 1256 3375 sum
1272 3324 1404 3388 superbus,
1418 3329 1444 3375 et
1456 3324 1490 3374 ob
1502 3325 1647 3387 gravitatem
1658 3328 1735 3376 omni·

942 3437 970 3481 4ιι
983 3417 1031 3468 hus
1041 3418 1160 3479 odiosus,
1173 3421 1198 3467 et
1211 3418 1245 3467 ob
1262 3417 1380 3480 insignem
1392 3417 1569 3478 arrogantiam,
1582 3430 1631 3480 qua
1642 3419 1700 3467 utor
1711 3420 1738 3467 ἰιι
1788 3403 1791 3409 ’

956 3531 969 3558 ι
983 3524 1073 3575 ragno.
1096 3524 1170 3562 nemo
1190 3524 1231 3561 me
1252 3509 1316 3561 terre
1330 3513 1431 3575 potest?
1464 3513 1496 3562 λι
1512 3509 1568 3573 quis
1580 3509 1736 3574 superiorum

956 3624 969 3649 ιι
983 3617 1068 3668 regum
1088 3603 1151 3654 adeo
1180 3605 1306 3654 moderate
1325 3605 1350 3655 in
1366 3617 1396 3654 ea
1416 3606 1539 3668 potestate
1561 3605 1680 3668 perpetuo
1708 3616 1736 3656 sa
1801 3602 1804 3606 ’

956 3719 968 3743 ι
983 3697 1068 3763 gessit,
1084 3700 1110 3748 et
1123 3696 1185 3748 adeo
1196 3695 1312 3758 humane,
1329 3701 1355 3748 et
1368 3711 1454 3748 omnes
1466 3696 1533 3748 cives
1548 3710 1592 3747 seu
1605 3700 1675 3761 pater
1689 3694 1736 3748 mi·

955 3810 968 3836 ι
980 3792 1013 3843 ιιι
1022 3791 1088 3843 tilios
1096 3804 1156 3842 suos
1167 3792 1396 3857 tractausiquippe
1404 3792 1447 3855 qui
1461 3806 1493 3842 ue
1506 3805 1560 3843 eam
1574 3791 1676 3855 quidem
1687 3804 1734 3854 po-

955 3905 967 3931 «
984 3887 1113 3947 testatem,
1128 3897 1202 3949 qnam
1224 3885 1285 3935 mihi
1302 3883 1421 3945 dedistis,
1442 3887 1468 3934 et
1479 3897 1554 3947 quam
1570 3883 1735 3948 amatoribus

953 3994 966 4018 ι
983 3974 1074 4025 vestris
1094 3978 1219 4039 acceptam
1242 3974 1361 4032 servatis,
1381 3974 1499 4036 integram
1521 3974 1626 4023 rotinere
1647 3974 1731 4023 volue-

953 4084 965 4107 «
981 4065 1037 4124 mm,
1053 4062 1097 4115 sed
1107 4064 1201 4126 legibus
1213 4064 1269 4115 latis
1281 4063 1313 4113 de
1326 4064 1403 4114 rebus
1414 4063 1554 4127 praecipuis.
1569 4076 1632 4128 quas
1646 4076 1735 4114 omnes

953 4174 965 4198 ι
982 4158 1048 4205 ratas
1068 4153 1178 4216 lecistis,
1190 4153 1345 4217 permiserim
1363 4151 1450 4215 νοθίι,
1463 4157 1492 4202 ut
1507 4166 1538 4203 ax
1553 4152 1649 4203 illarum
1666 4166 1733 4216 prce·

953 4263 965 4288 ιι
979 4244 1072 4308 scripto
1083 4243 1125 4293 alii
1141 4255 1198 4293 cum
1220 4241 1275 4292 aliis
1288 4242 1312 4291 in
1331 4240 1431 4292 indiciis
1444 4241 1630 4306 disceptarem
1643 4245 1668 4292 et
1681 4244 1734 4305 ipse

953 4351 965 4374 ιι
980 4332 1082 4397 primus,
1095 4336 1213 4395 tanquam
1223 4329 1343 4394 privatus,
1359 4343 1400 4380 me
1415 4330 1499 4381 iuriet
1512 4330 1615 4394 legibus,
1626 4342 1688 4391 quas
1707 4331 1732 4377 in

953 4439 965 4463 ι
979 4419 1042 4470 alios
1058 4420 1149 4478 statui.
1175 4419 1308 4470 obnoxium
1333 4417 1499 4479 reddiderim,
1522 4432 1602 4481 neque
1619 4416 1730 4465 omnium

953 4508 1111 4558 «criminum
1131 4508 1249 4559 iudicium
1279 4508 1451 4572 usupaiuerim
1478 4507 1536 4562 sed.
1560 4505 1626 4570 quod
1648 4503 1732 4553 nullus

953 4618 965 4642 ι
981 4597 1136 4661 superiorum
1162 4610 1247 4660 regum
1266 4595 1371 4655 lecerat,
1389 4595 1461 4647 robis
1482 4595 1633 4660 privatorum
1651 4592 1732 4641 crimi-

952 4706 964 4730 ιι
980 4700 1039 4736 num
1054 4685 1218 4748 cognitionem
1231 4684 1395 4748 permiserim.
1428 4684 1490 4744 Sed,
1509 4687 1537 4733 ut
1547 4683 1663 4745 apparet.
1678 4692 1727 4727 non

953 4778 1020 4826 uest
1044 4775 1146 4834 iniuria,
1168 4773 1201 4822 ob
1228 4786 1304 4836 quam
1326 4773 1386 4823 milri
1407 4771 1508 4837 quidam
1536 4769 1622 4819 intensi
1645 4769 1729 4816 sunt:

952 4881 964 4905 ιι
979 4875 1067 4912 nerum
1079 4861 1199 4912 beneficia
1209 4860 1234 4910 in
1246 4859 1343 4925 plebem
1359 4859 1448 4909 collata
1465 4869 1510 4906 vos
1525 4854 1649 4905 immerito
1663 4867 1731 4918 pun-

951 4968 964 4992 ιι
979 4950 1051 5010 gunt,
1069 4946 1100 4998 de
1116 4948 1207 5011 quibus
1222 4961 1288 5011 saepe
1300 4960 1338 4997 me
1354 4946 1420 5010 apud
1434 4958 1479 4993 vos
1491 4943 1603 5008 purgavi.
1636 4941 1684 4993 Sed
1704 4942 1730 4993 in

950 5036 1108 5102 «prasentia
1132 5036 1171 5086 his
1187 5035 1271 5086 verbis
1296 5049 1345 5084 nou
1368 5037 1407 5083 cst
1427 5045 1499 5096 opus.
1534 5031 1559 5081 Si
1582 5030 1731 5095 Tarquinius

950 5143 962 5167 ι
977 5125 1040 5186 iste,
1056 5125 1164 5189 acceptis
1195 5123 1335 5188 reipublicae
1356 5119 1543 5183 gubernaculis,
1562 5122 1652 5173 metius
1674 5135 1729 5171 eam

950 5232 962 5256 ι
976 5212 1192 5263 administraturus
1211 5210 1282 5264 robis
1294 5209 1405 5270 videtur,
1424 5213 1493 5262 certe
1509 5224 1558 5262 non
1572 5211 1672 5263 invideo
1690 5208 1729 5258 ci·
