3772 5828
224 319 285 380 700

225 452 297 517 όότες
309 451 467 522 τηνικαῦτα,
479 444 535 506 οὔτ’
550 446 638 507 ίλιιιον
654 435 707 506 οἷον
718 447 747 504 αἱ
759 448 825 526 παρ’
839 446 904 522 ἡμῖν
917 445 1006 504 ίλαῖαι

227 540 366 621 φίρουσιν,
382 538 442 596 ἀλλ’
457 535 520 616 οίνῳ
541 535 589 613 piu
613 532 747 616 χρώμενοι
768 538 860 614 κριθῆς
874 531 1005 605 σαπείσης

226 629 254 687 ἐν
278 626 354 684 idern
368 626 443 704 χυλῷ
466 624 592 697 δυσώδει,
615 622 697 703 ίλαίῳ
710 622 739 682 δί
753 620 832 702 συιίῳ
853 621 944 682 στίατι
958 643 1006 680 πε·

226 714 406 792 παλαιωμὲνῳ
424 710 472 783 τήν
487 735 515 771 τε
538 710 622 789 ὀδμὴν
646 713 692 771 καί
715 710 764 784 τὴν
783 714 872 791 γεῦσιν
899 709 1006 793 ἀτόπῳ·

187 823 201 862 e
227 802 287 863 τότε
310 802 337 862 il
356 804 460 882 πρῶτον
481 802 698 872 ἀπολαύσαντες,
714 791 751 859 ῶν
772 797 847 858 οὔπω
864 797 1006 876 ἐγεύσαντο

227 894 357 971 καρπῶν,
386 888 543 967 θαυμαστός
567 887 631 958 όσας
660 889 700 970 ἐφ’
726 886 830 968 ίκοίστῳ
855 886 1005 965 ὶλοίμύανον

231 979 339 1052 ἡδονὰς,
353 979 398 1038 καί
412 979 456 1038 τόν
468 976 538 1047 ξίνον
555 978 686 1057 ἠρώτων,
708 981 764 1043 πῶς
777 998 806 1036 τε
827 973 927 1053 γίνεται
946 974 1007 1036 τού-

228 1093 281 1128 των
303 1068 414 1130 ίκαστον
430 1066 476 1127 καί
488 1066 562 1146 παρὰ
577 1066 646 1127 τίσιν
661 1064 824 1145 ἀνθρώποιςς
851 1068 910 1140 (Π)
923 1064 958 1125 ‘0
979 1064 1008 1124 δί

229 1159 366 1237 Τυρρηνός
393 1158 458 1237 πρὸς
482 1155 574 1222 αύτούς
595 1177 674 1236 φησιν
691 1153 732 1214 ότι
753 1157 788 1231 γῆ
812 1152 861 1227 μίν
881 1154 1006 1226 ίστιν,ἡ

176 1268 202 1308 ιο
230 1248 337 1314 τούτους
353 1247 497 1326 ίκρίρουσα
519 1244 578 1311 τοὺς
592 1241 722 1324 καρπούς,
738 1243 824 1313 πολλὴ
847 1242 1009 1322 καίόγαθὴ,

229 1335 352 1412 νέμονται
367 1336 395 1392 δὲ
410 1334 493 1403 αὐτὴν
512 1332 597 1411 ὀλίγοι
618 1331 685 1400 τινίς
706 1330 841 1411 ἄνθρωποι
856 1331 903 1390 καί
922 1333 954 1392 eir
972 1331 1008 1398 τίς

227 1423 343 1499 πόλεμον
366 1421 440 1481 οὐδὲν
465 1422 587 1499 ἆμιίνους
609 1423 754 1499 γυναικῶν·
778 1416 889 1479 ὑπέθετό
911 1444 938 1480 τι
960 1421 1008 1480 αύ·

227 1518 281 1577 τοῖς
295 1510 333 1586 μὴ
356 1511 389 1567 δι’
404 1510 473 1581 ὠνῆς
495 1508 563 1567 αὐτὰ
586 1511 650 1590 παρ’
673 1505 818 1586 tripolin
839 1507 1005 1587 λαμύόνειν,

228 1600 287 1658 ἀλλ’
301 1597 461 1664 ίκόαλόντας
480 1596 540 1665 τούς
571 1597 632 1657 τότε
650 1601 754 1679 κυρίους
779 1599 815 1664 ὡς
840 1598 925 1656 οίκεῑα
939 1620 1008 1675 καρ-

177 1700 202 1739 ¹⁵
229 1692 352 1747 ποῦσθαι.
386 1685 497 1753 Τούτοις
523 1686 623 1757 δὴτυίς
638 1687 724 1765 λόγοις
745 1688 770 1745 οἱ
799 1686 895 1746 Κελτοί
917 1685 1008 1745 πιιθό·

229 1797 314 1851 μενοι,
331 1765 410 1845 ἦλθον
426 1778 462 1841 είς
477 1772 594 1834 Ἰταλίαν
612 1774 659 1834 καί
671 1777 816 1856 Τυρρηνῶν
831 1775 891 1843 τοὺς
912 1777 1009 1835 καλου·

231 1863 324 1941 μίνους
340 1862 515 1941 Κλουσίνους,
541 1862 600 1923 ὅθεν
625 1853 658 1936 ἦν
682 1864 760 1922 καίό
784 1862 878 1930 πείσας
897 1860 1007 1937 αύτούς,

229 1950 385 2027 ίπολόμουν.
409 1949 509 2011 Αιιιύν.

270 2043 333 2104 llll.
352 2040 414 2119 (18)
430 2038 647 2100 ’λποσταλίντων
666 2040 693 2100 δὲ
711 2041 880 2121 πρεσόιυτῶν
896 2041 926 2099 ίκ
940 2037 1008 2099 Ῥώ-

174 2143 202 2184 20
228 2153 281 2206 μης
296 2130 340 2190 tul
357 2127 486 2202 Κελτοὺς,
498 2128 556 2189 inei
570 2129 681 2202 ἤκουσεν
695 2120 731 2197 εἷς
744 2133 796 2188 τῶν
809 2128 1008 2210 πρισόιυόντων

228 2219 339 2284 Κόϊντος
352 2216 456 2283 Φόόιος
471 2217 530 2284 τοὺς
548 2216 697 2299 βαρόόρους
710 2217 755 2277 ἐπί
765 2219 901 2298 προνομὴν
917 2216 1007 2290 ίίελη·

227 2307 351 2385 λυθίναι,
366 2306 495 2366 συνάπτει
516 2309 633 2381 πόλεμον
651 2308 737 2374 αύτοίς
751 2306 797 2365 καί
808 2308 853 2366 τὸν
867 2308 919 2364 τῶν
940 2306 1010 2366 Κελ-

227 2398 281 2454 τῶν
292 2393 411 2474 ἡγεμόνα
429 2399 547 2478 α’ναιρεῖ·
569 2395 773 2464 ἀποστείλαντες
793 2396 821 2454 di
838 2396 874 2462 τίς
892 2393 1005 2472 Ῥώμην

228 2485 253 2543 ol
268 2484 398 2564 βόρόαροι
416 2483 504 2557 ἠξίουν
521 2482 698 2562 παραδιδόναι
715 2485 788 2564 σφίσι
803 2486 848 2545 τόν
864 2483 947 2564 ἄνδρα
962 2483 1008 2545 καί

757 310 931 375 ulortlsll
954 310 1331 375 flnilcnultessultsis

1060 455 1201 517 rentneque
1209 451 1291 504 oleum
1300 452 1372 516 quale
1379 451 1567 518 npudnoeolee
1577 456 1676 516 terunt,
1688 454 1739 507 sed
1750 458 1849 522 provin

1060 560 1193 613 utelinnlur
1204 559 1356 625 graveolenti
1375 563 1473 627 potione
1488 576 1519 613 ex
1536 561 1634 615 hordeo
1650 563 1681 615 in
1693 577 1766 630 nque
1775 579 1850 621 maee-

1060 676 1114 724 rnlo
1129 676 1156 724 et
1166 687 1212 738 pro
1232 672 1287 724 oleo
1307 672 1381 724 eullln
1391 673 1476 724 minu
1490 674 1594 737 untione
1611 674 1706 728 odoris
1720 681 1751 728 et
1770 685 1852 745 guetu

1061 783 1150 835 nuerbl.
1182 787 1250 834 'lune
1267 782 1341 848 igitur
1364 782 1472 848 primum
1496 784 1588 849 ignotis
1610 785 1746 840 tructilrue
1761 788 1849 857 degne·

1061 894 1120 945 tutin
1133 894 1222 943 mirem
1237 892 1294 944 inde
1306 906 1394 958 cepere
1410 893 1564 958 voluptutem
1578 894 1771 963 hospitemque
1785 914 1852 965 rogn-

1062 1007 1153 1054 verunt
1172 1000 1297 1066 quomodo
1313 1006 1340 1053 et
1359 1001 1425 1066 apul
1443 1016 1564 1067 quoennm
1596 1005 1721 1059 hominen
1742 1009 1853 1074 quidque

1063 1116 1140 1165 tieret.
1157 1114 1205 1178 (17)
1225 1116 1346 1164 litrueeue
1368 1127 1427 1164 reru
1441 1114 1476 1164 nit
1498 1115 1624 1179 regionem
1636 1130 1713 1180 ense,
1731 1132 1794 1185 que
1810 1121 1855 1173 Ιιοε

1062 1225 1158 1275 tructus
1171 1223 1288 1288 gigneret,
1301 1223 1407 1288 emplem
1421 1226 1447 1273 et
1466 1222 1636 1281 secundumn
1659 1228 1753 1291 peuele
1770 1229 1853 1281 innotis

1062 1331 1207 1391 hubiutem,
1219 1331 1262 1393 qui
1273 1330 1299 1381 in
1310 1329 1385 1380 rebm
1394 1329 1487 1380 bellicis
1501 1330 1562 1381 nihil
1575 1332 1680 1383 leminis
1694 1337 1851 1399 prestarent.

1062 1444 1172 1504 Eratque
1186 1438 1221 1490 eie
1233 1442 1320 1490 auctor
1332 1451 1361 1489 ue
1379 1439 1433 1490 lroeo
1444 1438 1476 1489 ul)
1492 1438 1547 1489 nlile
1562 1444 1802 1506 mercarentureed
1816 1448 1851 1501 ul,

1062 1538 1169 1596 'dominis
1178 1545 1271 1609 ejectis,
1286 1546 1313 1594 nt
1323 1543 1428 1608 propriis
1446 1542 1478 1593 iis
1491 1546 1633 1598 uterentur.
1670 1547 1720 1599 ilie
1730 1551 1849 1601 sermoni·

1064 1652 1112 1703 bue
1131 1652 1261 1711 nummoli,
1279 1651 1340 1702 Gelli
1364 1651 1388 1701 iu
1413 1649 1509 1702 ltnllern
1524 1664 1616 1705 venem
1637 1655 1718 1719 etque
1741 1656 1853 1707 ntmsde

1065 1756 1179 1817 clusinis,
1194 1756 1259 1807 unde
1278 1756 1300 1806 ie
1311 1758 1365 1806 eret
1381 1755 1426 1820 qui
1448 1768 1491 1806 eos
1504 1754 1652 1820 imputent,
1673 1756 1771 1812 bellurn
1783 1761 1850 1811 iutu-

1063 1867 1154 1918 lerunt.

1096 2070 1150 2121 llll.
1162 2072 1211 2132 (tii)
1220 2073 1303 2129 Quum
1312 2068 1398 2133 Legati
1411 2068 1568 2121 Romnmiesl
1579 2068 1611 2121 nd
1618 2068 1703 2120 Galim
1713 2071 1849 2132 venissent,

1064 2185 1139 2247 etque
1151 2196 1216 2233 unur
1226 2196 1258 2233 ex
1271 2182 1302 2233 iis
1313 2186 1344 2242 Q.
1355 2182 1448 2234 Fnblue
1461 2183 1580 2235 burburus
1591 2182 1738 2248 pnbulntum
1753 2186 1849 2237 exiisse

1064 2299 1183 2358 audieret,
1197 2296 1281 2348 stntlm
1298 2311 1399 2348 menum
1412 2299 1539 2351 ooneeruit
1549 2310 1679 2363 eermngue
1693 2297 1786 2350 ducem
1798 2313 1845 2353 οσ-

1064 2415 1133 2468 cidit.
1167 2414 1268 2464 Barbari
1287 2414 1373 2479 legetis
1390 2416 1494 2466 ltomnm
1515 2414 1599 2468 mleelt
1612 2415 1804 2481 premeremur
1816 2420 1848 2468 ut

1064 2534 1155 2586 Fabius
1166 2547 1223 2584 curn
1237 2534 1311 2583 tratre
1321 2531 1453 2582 dederetur
1467 2536 1493 2583 et
1506 2532 1843 2597 poemeeeisorumlueret.

175 2590 201 2631 ετ
229 2574 274 2634 τόν
297 2574 409 2654 ἀδελρόν
432 2576 512 2632 αὐτοῦ
532 2573 672 2645 ἐκδότους,
697 2573 787 2641 ποινίις
805 2573 942 2655 ύρίξοντας
955 2576 1008 2634 τῶν

229 2662 416 2722 ἀπολωλότων.
438 2663 499 2738 (liii
521 2661 711 2743 Παρελκούσης
726 2662 755 2722 δί
775 2668 822 2735 τῆς
844 2665 940 2743 βουλῆς
961 2662 1008 2729 τὰς

229 2750 395 2831 ἀποκρίσεις,
409 2749 454 2809 ἐπί
469 2746 518 2821 τὴν
531 2749 642 2827 Ῥώμην
658 2750 703 2810 τὸν
717 2752 834 2826 πόλεμον
858 2749 1008 2827 ἀναγκαίως

227 2841 251 2898 ol
274 2838 371 2900 Κελτοί
394 2837 557 2915 μετήγαγον.
589 2840 625 2898 Οἱ
652 2837 679 2897 δὲ
693 2836 829 2913 Ῥωμαῖοι
851 2836 1009 2904 ἀκούσαντες

228 2926 336 3008 ἐξῄεσαν
352 2929 382 2985 lx
397 2930 445 2996 τῆς
456 2925 567 2999 πόλιως,
581 2925 688 3004 ἄγοντες
698 2929 728 2985 ἐκ
738 2924 787 3001 μίν
797 2927 849 2983 τῶν
864 2925 1008 2985 ἔπιλίκτων

174 3044 201 3086 οη
227 3038 256 3073 τε
280 3014 325 3073 καί
345 3011 552 3088 κατηθλημίνων
568 3017 594 3072 ἐν
608 3017 666 3088 ,τοῖς
687 3012 812 3086 πολέμοις
838 3016 1007 3090 στρατιωτῶν

227 3103 342 3180 τέτταρα
361 3100 487 3178 τοίγματα
503 3102 609 3171 ἐντελῆ·
625 3104 655 3159 ἐκ
676 3101 703 3159 δὲ
722 3105 774 3159 τῶν
789 3102 878 3158 ἄλλων
892 3103 1008 3161 πολιτῶν

227 3191 286 3257 τοὺς
305 3187 477 3254 κατοικιδίους
487 3210 515 3245 τε
530 3188 575 3246 καί
588 3189 726 3269 σχολαίους
745 3190 790 3247 καί
802 3181 881 3260 ἦττον
902 3191 1006 3264 ὡμιλη-

228 3282 307 3345 κότας
332 3278 456 3354 πολέμοις
479 3274 583 3344 πλείους
610 3277 687 3345 ὄντας
709 3280 812 3358 ἀριθμῷ
831 3281 882 3335 τῶν
899 3276 1007 3358 ἑτέρων.

227 3365 342 3430 Ἰὀύτους
356 3361 388 3432 δὴ
398 3362 556 3442 τρεψόμενοι
566 3367 589 3423 oi
606 3366 699 3424 Κελτοί
713 3365 783 3445 [καί]
800 3364 944 3439 σύμπασαν
958 3367 1007 3438 τὴν

173 3481 199 3520 ος
228 3451 337 3530 Ῥώμην
352 3452 413 3510 ἄνευ
426 3456 471 3510 τοῦ
485 3451 654 3512 Καπιτωλίου
673 3453 883 3533 παρεστήσαντο.
902 3456 1004 3518 Ambr.

1068 2651 1100 2711 (ti)
1114 2652 1206 2700 Senatu
1231 2661 1376 2713 responsum
1391 2647 1561 2712 protrahente,
1575 2647 1675 2700 uirenti
1685 2647 1782 2701 neuun
1802 2650 1849 2699 lto·

1065 2777 1131 2814 meur
1157 2765 1289 2814 transferre
1321 2761 1402 2813 conell
1436 2764 1504 2813 eunt.
1537 2762 1712 2823 Quo-andito
1747 2764 1848 2814 ltumnui

1065 2893 1096 2930 ex
1110 2879 1171 2929 urbe
1184 2877 1297 2943 prodiere
1311 2891 1368 2927 cum
1379 2879 1415 2928 lv
1427 2877 1565 2941 legionibus
1579 2879 1685 2943 integris
1695 2880 1848 2931 delectorum

1064 2997 1090 3046 et
1113 2996 1299 3053 veteranorum,
1328 2996 1449 3057 preterea
1473 2994 1652 3058 iuqrnilinorum
1680 2998 1708 3046 et
1737 2994 1846 3045 otiorum

1064 3115 1089 3161 et
1100 3110 1165 3161 bello
1178 3109 1260 3160 miuus
1278 3109 1446 3160 exercitorum
1459 3123 1491 3160 ex
1504 3109 1606 3174 reliquis
1619 3111 1717 3161 civibus
1732 3111 1850 3161 iuniorem

1065 3226 1188 3289 eliquanto
1216 3238 1348 3274 numerum
1372 3224 1536 3275 adduxerunt.
1571 3225 1620 3275 Sed
1643 3223 1684 3275 liis
1709 3225 1736 3276 in
1763 3227 1849 3288 tugern

1063 3341 1204 3402 conversis,
1215 3339 1293 3391 solem
1305 3340 1408 3399 urbem,
1423 3341 1544 3405 capitolio
1554 3343 1674 3406 excepto,
1692 3340 1755 3392 Gelli
1769 3354 1848 3392 oceu-

1063 3457 1190 3523 paverunt.

1094 3614 1186 3676 Nepete
1197 3610 1258 3661 urbe
1270 3609 1354 3661 ltnlioe.
1374 3606 1509 3671 Dionysius
1524 3605 1608 3671 Anth.
1623 3610 1696 3658 Rom.
1708 3610 1778 3659 xlllt
1791 3620 1851 3672 gen-

1064 3700 1106 3750 tile
1121 3700 1265 3765 Nepesinus.

259 3612 399 3669 Νίπετος
422 3609 491 3667 πόλις
521 3611 639 3672 Ἰταλίας,
662 3613 788 3670 Διονύσιος
818 3615 1006 3679 τρισκαιδεκάτῳ

225 3682 362 3746 Ῥωμαῖκῆς
379 3681 571 3746 Ἀρχαιολογίας,
586 3687 614 3733 τὸ
633 3684 724 3735 ίύνικὸν
736 3687 877 3740 Κιπεσῑνος.
896 3685 1007 3748 Stepha-

226 3767 279 3803 ιιιιτ
294 3755 353 3816 lige.
367 3768 389 3805 s.
406 3768 430 3805 υ,
445 3756 594 3812 Νέπττυς.

770 3923 974 3984 EXCERPTA
996 3925 1047 3984 ΕΚ
1069 3924 1183 3985 LlBRO
1206 3922 1285 3982 XIV.

267 4100 287 4155 1.
313 4098 355 4174 (l)
378 4099 412 4160 ‘H
435 4101 462 4159 δὲ
484 4098 599 4169 Κελτικί,
620 4109 704 4159 κεῖται
720 4099 767 4176 μὲν
784 4102 811 4159 ἐν
822 4103 860 4178 τῷ
875 4100 939 4179 πρὸς
952 4100 1001 4171 τὴν
1101 4103 1119 4150 l.
1134 4099 1233 4151 sitaest
1244 4097 1322 4149 Gellia
1338 4097 1364 4147 in
1385 4110 1415 4148 ea
1429 4097 1536 4161 Europe
1547 4099 1618 4160 perte
1635 4095 1736 4158 qumod
1755 4095 1849 4159 nespe-

170 4216 198 4257 40
225 4184 340 4262 ἑσπέραν
365 4188 506 4257 καθήκοντι
524 4192 570 4259 τῆς
587 4188 716 4266 Εὐρώπης
734 4188 825 4266 με’ρει,
843 4189 941 4265 μεταξὺ
956 4197 1001 4249 τοῦ

225 4297 253 4332 τε
271 4274 371 4351 βορείου
387 4277 468 4332 πόλου
489 4277 533 4334 καί
553 4283 599 4347 τῆς
623 4277 775 4355 ίσημερινῆς
791 4274 896 4342 δύσεως·
913 4279 1004 4356 τετροί·

224 4387 304 4440 γωνος
321 4364 345 4418 δὲ
360 4352 425 4419 ούσοι
442 4369 478 4443 τῷ
496 4364 632 4443 σχήματι,
648 4368 701 4432 τοῖς
718 4363 765 4441 μὲν
776 4363 905 4431 Ἀλπείοις
928 4365 1000 4444 όρεσι

225 4453 356 4529 μεγίστοις
380 4442 438 4510 ούσι
460 4457 511 4510 τῶν
538 4453 696 4533 Εὐρωπείων
723 4455 848 4513 συνάπτει
864 4457 932 4513 κατὰ
955 4456 1001 4519 τός

224 4539 367 4605 ἀνατολάς·
387 4540 440 4605 τοῖς
470 4543 646 4621 Πυρρηναίοις
674 4541 743 4600 κατὰ
773 4541 941 4619 μεσημύρίαν
970 4568 999 4600 τε

169 4668 194 4707 45
223 4629 268 4687 καὶ
290 4629 363 4687 νότον
390 4627 552 4710 ἄνεμον·τῇ
577 4632 602 4689 δὲ
630 4632 680 4699 ἔξω
703 4633 806 4701 στηλῶν
834 4631 999 4708 Ἡρακλείων

223 4720 340 4795 (λαλόττη
366 4720 434 4776 κατὰ
455 4717 503 4784 τόις
529 4720 625 4786 δύσεις·
647 4725 684 4801 τῷ
706 4721 732 4778 δὲ
757 4723 880 4799 Σκυθικῷ
901 4743 929 4777 τε
956 4719 1000 4777 καί

223 4808 334 4888 θρακίῳ
357 4807 425 4882 γένει
460 4808 529 4865 κατὰ
554 4809 648 4889 βορέαν
674 4812 772 4884 ἄνεμον
802 4812 848 4867 καὶ
877 4808 997 4884 ποταμὸν

221 4895 343 4973 Ἴστρον,
360 4898 386 4963 ός
407 4896 458 4955 ἀπὸ
473 4900 524 4955 τῶν
541 4897 666 4956 Ἀλπείων
683 4900 851 4957 καταύαίνων
869 4900 935 4975 ὀρῶν
950 4897 997 4971 με’·

222 5006 308 5059 γιστος
334 4989 385 5042 τῶν
400 4989 462 5065 τῇδε
485 4990 612 5061 ποταμῶν
631 4987 676 5045 καί
702 4998 790 5045 πᾶσαν
809 4986 856 5055 τὴν
879 4984 929 5042 ὑπὸ
944 4988 998 5051 τοῖς

166 5102 193 5142 50
224 5071 327 5150 ἄρκτοις
345 5073 453 5152 ἤπειρον
474 5075 581 5133 διελθὼν
599 5081 634 5140 εἰς
648 5078 677 5134 τό
696 5077 822 5134 Ποντικόν
839 5071 997 5150 ἐξερεύγεται

222 5159 347 5237 πέλαγος.
369 5162 411 5239 (2)
434 5163 558 5235 Τοσαύτη
583 5164 609 5221 δὲ
625 5157 689 5223 ούσοι
712 5166 741 5222 τὸ
756 5164 879 5240 μέγεθος,
892 5160 941 5230 όση
957 5163 995 5236 μὴ

1062 4249 1111 4298 rius
1122 4246 1231 4309 regiones
1244 4243 1357 4308 pertinet,
1368 4242 1432 4292 inter
1444 4240 1568 4291 borealem
1582 4241 1664 4306 poium
1675 4243 1700 4290 et
1714 4239 1846 4303 equinoc·
1866 4205 1872 4218 ί

1060 4382 1143 4431 lielem
1154 4392 1278 4429 oceasum.
1311 4379 1353 4425 Est
1373 4378 1454 4425 alitem
1469 4375 1545 4438 ligura
1555 4375 1680 4436 quadrata,
1701 4373 1732 4421 ub
1745 4375 1846 4427 oriente

1059 4513 1132 4575 Alpes
1150 4513 1283 4564 altissimos
1303 4513 1409 4573 Europae
1438 4513 1535 4558 urentes
1559 4506 1666 4569 attingit,
1687 4507 1795 4559 meridie
1820 4516 1846 4561 et

1058 4648 1132 4695 vento
1145 4648 1222 4695 eirico
1235 4648 1372 4707 Pyreneus,
1385 4643 1415 4692 eb
1429 4642 1556 4691 occidente
1570 4652 1636 4689 mure
1645 4639 1712 4688 ultra
1727 4642 1845 4694 llerculis

1056 4777 1196 4835 columnas,
1219 4776 1325 4842 denique
1345 4775 1448 4840 populos
1472 4774 1595 4824 Tlrraeum
1618 4777 1644 4823 et
1667 4758 1843 4835 Scytharum

1056 4913 1132 4961 Borea
1140 4915 1213 4960 vento
1227 4914 1251 4960 et
1265 4912 1328 4959 lslro
1339 4909 1395 4972 qui,
1409 4907 1441 4957 ab
1455 4907 1557 4971 Alpibus
1570 4906 1697 4970 delapsus,
1715 4906 1841 4970 indigenu-

1055 5058 1109 5092 rum
1132 5042 1263 5091 fluviorum
1286 5041 1411 5089 maximus
1432 5042 1470 5089 est
1492 5042 1531 5098 el,
1548 5043 1679 5102 postquem
1698 5037 1842 5087 universnm

1056 5173 1179 5237 regionem
1200 5172 1317 5223 Celticum
1331 5172 1463 5237 percurrit,
1481 5173 1505 5223 in
1521 5173 1648 5223 Ponticum
1669 5184 1738 5222 mere
1751 5170 1837 5221 elssuit.
