3772 5828
542 368 833 456 arrronrm‘rnrr
857 387 1004 454 nona-a
1018 396 1089 457 cm
1115 397 1193 456 rrrr.

58 519 141 600 ἔργα,
160 520 195 586 ὡς
213 518 255 576 ἐπ’
273 515 355 576 οὐδενὶ
378 518 488 596 χρηστῷ
514 517 661 628 γενόμινρι,
687 519 757 577 δυ’
728 543 838 598 ηεοαν·

59 602 152 664 «Ὅτι
175 602 298 670 Λατίνοις
322 601 421 682 μδνρ
385 626 405 660 π
422 606 508 674 ῶτον,
534 595 690 686 οἷςάπέχρη
707 607 839 673 πολιτείας

59 721 72 746 «
88 715 174 765 κοινης
186 692 328 763 ἀξιωθῆναι
342 690 411 769 μέγα
416 691 565 801 εὐτύχημα
581 694 743 772 ἡγουμένοις,
760 698 783 754 εἰ
794 695 839 753 καλ

60 808 71 833 u
88 780 184 853 ταύτης
204 779 322 859 τύχοιεν,
343 781 373 836 οὐ
388 778 495 856 μόνον,
478 781 510 838 δν
523 779 602 861 ᾔτουν
620 782 784 842 πολιτείαν’
771 801 838 841 υπα·

59 897 71 919 «
86 893 129 934 τος
140 869 175 927 ὢν
191 867 347 948 ἐχαρίσατο,
361 868 419 923 ἀλλ’
441 865 481 925 ἔτι
491 873 537 926 καὶ
551 870 603 926 τῶν
618 870 648 927 ἐκ
659 873 705 928 τοῦ
720 869 837 945 πολέμου

59 987 70 1009 a
88 959 230 1039 λαφύρων,
250 957 293 1015 ἐὰν
316 955 401 1026 κοινὴ.
408 955 516 1033 γένηται
532 958 671 1038 στρατεία,
686 957 734 1032 τὴν
746 959 837 1038 τρίτην

60 1076 72 1100 ιι
86 1051 232 1128 ἑψηφίσατο
256 1046 387 1105 δίδοσθαι·
404 1043 495 1104 ἔπειτα
506 1043 649 1125 Ἕρνικας,
667 1045 710 1114 σθς
729 1048 837 1130 πολέμῳ

60 1164 72 1185 r
90 1142 260 1219 χειρωθέντας
281 1144 385 1218 ἀγαπθῑν
401 1143 497 1223 ἐχρῆν,
522 1143 545 1200 εἰ
568 1140 605 1219 μὴ
632 1143 677 1202 καὶ
690 1145 737 1212 τῆς
751 1142 835 1199 αὐτῶν

60 1251 72 1273 «
87 1228 176 1304 χώρας
189 1229 324 1310 ἀφαιρέσει
345 1230 397 1289 τινὶ
412 1233 584 1307 ζημιωθεῖεν,
605 1229 694 1311 φίλους
711 1229 758 1306 μὲν
780 1230 835 1289 ἀντὶ

10 1332 12 1341 ’
61 1339 72 1360 u
89 1316 208 1386 ὑπηκόων
221 1318 341 1390 ἐποίησε,
353 1319 462 1382 πολίτας
477 1320 500 1376 δ’
516 1320 576 1379 ἀντὶ
586 1321 729 1392 ὑποτελῶν,
746 1323 793 1398 γῆς
808 1340 836 1377 τε

60 1428 72 1451 a
88 1404 158 1471 λείας
171 1407 203 1478 ἣν
219 1406 250 1466 διν
266 1413 295 1467 ἐκ
307 1409 405 1474 παντὸς
424 1407 573 1480 κτήσωνται
593 1407 640 1480 την
657 1409 746 1489 ἑτέραν
762 1406 835 1476 ἔταξε

60 1522 71 1543 «ι
89 1496 233 1571 λαμόάιειν
256 1496 441 1580 τριτημορίδα.
489 1494 573 1555 Ὥστε
600 1496 776 1575 μεριζομένων
799 1499 835 1561 εἷς

59 1610 71 1634 ἰ
87 1587 154 1666 τρεῖς
175 1588 285 1663 κλήρους
311 1589 363 1645 τῶν
388 1585 533 1665 λαφύρων,
555 1583 613 1650 τοὺς
632 1582 679 1661 μὲν
701 1584 831 1656 ὑπηκόους

58 1699 71 1724 «
87 1697 115 1732 τε
136 1699 182 1733 και
205 1675 364 1746 ἐπήλυδας
351 1673 478 1753 οιμοιρίας
493 1672 657 1821 λαμύσίνειγΕ
673 1671 731 1819 τοδθς
745 1673 816 1730 δὲ’
787 1695 835 1731 αυ-

59 1789 72 1813 «
88 1769 120 1820 θι
119 1773 194 1837 γενεῖς
217 1763 362 1870 ἡγεμόνας
369 1762 460 1841 τρίτην
478 1761 581 1842 μερίδα.
658 1760 835 1821 κδὲτούτου

58 1876 71 1901 o
86 1853 155 1909 δυεῖν
172 1875 223 1910 των
239 1856 271 1908 οἱ
262 1874 345 1910 ,τοπω
346 1850 415 1909 σίτων
430 1850 537 1930 θάτερον
553 1764 777 1909 laetelssrooour’
749 1856 836 1914 αυτοῖς

59 1966 72 1991 a
87 1939 306 2016 συμόησόμενον,
331 1938 376 1998 ἐάν
398 1962 471 2006 τινας
486 1939 587 2017 ἑτέρους
605 1938 649 1996 διδ
671 1940 768 2005 πολλδις
789 1936 835 1996 καλ

58 2028 203 2105 «μεγάλας
228 2027 374 2107 εὐεργεσίας
400 2028 565 2108 προέλωνται
588 2030 646 2095 ταῖς
677 2029 769 2096 αὐταῖς
791 2050 834 2084 τι·

59 2142 72 2167 u
88 2119 173 2191 μῆσοιι
189 2117 314 2197 δωρεαῖς,
335 2107 375 2183 αἷς
385 2118 515 2183 Λατίνους
535 2116 559 2172 τ’
575 2113 704 2188 ἐτίμησαν
715 2113 761 2173 καὶ
776 2112 834 2180 τοὺς

10 2214 13 2246 ²
58 2232 71 2256 «ι
84 2206 150 2280 μηδέ
163 2208 247 2264 ὁτιοῦν
263 2206 359 2284 ἀγαθὸν
376 2204 596 2280 ἀποδειξαμένους
609 2203 746 2283 Ἕρνικας.
760 2204 834 2269 Μιθς

58 2316 70 2341 u
86 2291 135 2370 γὰρ
159 2294 386 2368 καταλειπομένης
411 2296 499 2361 αθτοίς
529 2291 761 2371 τριτημορίδος,δ,
785 2294 835 2370 οὐχ

58 2406 71 2430 ιι
86 2380 150 2448 ἕξειν
176 2384 375 2444 ἀποδώσουσιν
404 2383 510 2448 ἐκείνοις
536 2379 632 2460 μέρος,
657 2377 674 2452 θ,
698 2379 731 2438 τδι
755 2377 834 2456 ὅμοια

59 2494 71 2518 κ
85 2472 153 2548 ψηρ·
147 2472 283 2547 σαμένους
302 2471 369 2547 μηδὲ
371 2495 385 2528 ν
399 2474 500 2582 ἑαυτφῖς
512 2469 690 2550 καταλείψειν.
710 2493 723 2520 »

99 2557 262 2620 LXXVlll.
287 2559 411 2640 Πρδςδὲ
400 2584 495 2620 του
496 2583 533 2627 οις
550 2558 619 2617 διε
590 2581 701 2636 ηεοαν
725 2557 834 2630 δτιδη

10 2666 13 2698 t
57 2669 154 2722 μευσαι
168 2646 202 2705 alr
217 2648 342 2707 κοινθι”
310 2673 356 2720 της
377 2648 477 2716 πόλεως
498 2647 703 2724 ε’πιύαλλόμενος
693 2645 762 2705 ούτ
765 2650 835 2717 ετῆς

57 2737 155 2813 βουλῆς
173 2737 374 2819 ψηφισαμένης,
393 2736 453 2797 ούτε
467 2743 505 2818 τῷ
521 2736 660 2815 συνυπάτῳ
681 2737 773 2795 δοκοῦν
789 2735 835 2816 βίᾳ

57 2833 151 2904 κυροῦν
165 2824 295 2902 ἐμέλλησε
305 2826 349 2885 τδν
360 2827 455 2901 νόμον,
469 2826 496 2894 ὃς
510 2829 539 2885 οὗ
549 2827 609 2885 καθ’
624 2824 651 2885 ἓν
665 2830 742 2882 τοῦτο
756 2825 834 2900 μόνον

59 2919 91 2985 ἠν
107 2914 257 3024 ἀσύμφορός
270 2940 299 2974 τε
319 2939 365 2975 και
354 2916 482 2989 ἄδικος,
500 2915 541 2974 ὅτι
562 2938 598 2994 πρ
600 2912 756 2972 ούουλεῢσαι
777 2911 834 2974 δέον

58 3025 87 3061 το
104 3003 235 3082 συνέδριον
256 3004 302 3062 καὶ
328 3005 385 3062 ei*
371 3003 466 3072 οόξιιεν
490 3003 582 3063 ἐκείνω
585 2938 722 3073 ρκοινὴν’
709 3001 832 3061 απάντων

58 3113 124 3148 ειναι
141 3095 226 3151 των
214 3093 333 3153 ἐντέλει
357 3091 405 3164 τὴν
429 3097 522 3170 φιλανθ
525 3090 678 3206 ριμπίαν,
667 3088 721 3156 ενθς
742 3092 832 3201 ἀγδρος

58 3181 139 3238 ἐποίει
153 3204 201 3251 την
216 3181 312 3261 χάριν·
333 3181 401 3241 illl
426 3182 471 3239 καί
490 3204 542 3238 κατ
544 3181 649 3238 ’ἐκεῖνο
673 3177 704 3237 τὸ
726 3178 831 3239 πάντων

58 3269 270 3370 σχετλιώτατον,
295 3268 335 3327 δτι
351 3269 465 3350 λόγῳ
436 3293 484 3344 μιν
506 3258 608 3335 δόσιςἾΓ
590 3291 621 3339 ην
636 3276 689 3332 τοῖς
712 3267 831 3336 πολίταις

57 3376 102 3423 τις
118 3355 245 3429 οηυοσίας
265 3353 404 3435 χώρας,ε
392 3353 534 3436 ἔργωδ-;’
519 3357 671 3437 αφαίρεσις,
688 3356 830 3436 Ρωμαίων

58 3465 90 3515 μ
93 3466 105 3496 ν
121 3465 172 3499 των
186 3442 359 3551 κτησαμένων
379 3442 459 3512 αὐτὴν
476 3440 539 3518 μίαν
546 3452 651 3555 μοῖραν
664 3447 831 3528 ληψομένων,

14 3550 23 3578 r
58 3527 185 3641 Ἑρνίκων
201 3533 229 3589 δὲ
250 3555 294 3590 και
285 3530 431 3591 Λατίνων
446 3521 522 3597 οἶς’
496 3531 569 3590 ουδὲν
587 3534 669 3606 αιἰτης
688 3559 771 3612 μετην
783 3539 831 3607 τδις

59 3616 115 3674 δύο·
140 3622 183 3678 καὶ
198 3624 233 3686 ὡς
256 3620 313 3678 οὐδὲ
333 3629 387 3688 τοῖς
413 3621 558 3702 δημάρχοις
580 3628 731 3686 ἐναντιωθ
691 3633 758 3687 θεισι
781 3628 826 3688 καὶ

57 3707 203 3787 παραλύειν
219 3712 249 3767 ἐκ
270 3714 315 3767 τοῦ
338 3708 418 3786 νόμου
438 3710 545 3792 θάτερον
567 3713 667 3782 ἀξιοῦσι
691 3715 784 3795 μέρος,
797 3717 827 3775 τὸ

59 3796 128 3854 κατὰ
142 3797 189 3867 τὴν
205 3796 350 3876 ἰσομοιρίαν
366 3802 419 3856 τῶν
441 3801 591 3877 ἐπηλύδων,
611 3803 738 3877 ίπείσθη,
763 3804 830 3864 alli

58 3887 101 3943 καὶ
115 3888 261 3968 δημάρχοις
272 3889 317 3945 καὶ
329 3889 469 3970 συνυπάτῳ
483 3889 527 3948 καί
541 3895 623 3972 βουλῇ
638 3894 682 3951 καὶ
698 3904 764 3955 πᾶσι
778 3903 832 3962 τοῖς

59 3980 123 4052 ὑπὲρ
137 3981 183 4034 τοῦ
195 3982 281 4036 κοινοῦ
300 3978 334 4037 τδι
349 3979 476 4060 κράτιστα
493 3985 690 4062 βουλευομένοις
704 3987 830 4044 τάναντία

58 4064 181 4141 πράττων
193 4065 333 4126 διετέλεσε.
376 4067 553 4138 Διεξελθόντος
568 4071 694 4134 δὲταῦτα
706 4076 751 4133 καὶ
767 4075 834 4154 μάρ·

57 4174 137 4230 τυρας
148 4157 234 4212 αὐτῶν
250 4153 368 4226 ἅπαντας
381 4158 439 4227 τοὺς
451 4160 559 4229 πολίτας
568 4166 753 4242 ποιησάμενοι,
767 4162 834 4241 μετδι

58 4247 140 4300 ταῦτα
154 4243 205 4315 ἤδη
218 4243 263 4303 καὶ
273 4245 319 4313 τὰς
333 4248 497 4329 ἀπορρήτους
510 4255 555 4322 τῆς
569 4252 720 4332 τυραννίδος
734 4253 829 4333 παρεί-

57 4354 134 4411 χοντο
157 4336 273 4406 πίστεις,
293 4340 329 4403 ὡς
353 4339 481 4416 χρήματά
504 4363 534 4400 τε
560 4340 741 4420 συνενέγκαιεν
762 4343 832 4422 αὐτῷ

17 4455 22 4468 ‹
57 4423 165 4483 Λατῖνοι
180 4426 224 4483 καὶ
235 4423 369 4505 Ἕρνικες,
380 4427 426 4486 καί
440 4426 511 4489 ὅπλα
525 4432 774 4511 παρασκευάσαιντο
788 4432 833 4490 καὶ

58 4515 262 4591 συμπορεύοιντο
285 4519 321 4582 ὡς
345 4516 423 4575 αὐτὸν
444 4520 468 4577 οἱ
484 4519 642 4625 θρασύτατοι
660 4524 712 4581 τῶν
728 4524 755 4580 ἐν
775 4525 833 4588 ταῖς

58 4601 190 4658 πολεσι’
162 4625 225 4660 νεων
240 4606 380 4718 απόρρητά
392 4630 421 4666 τε
434 4607 585 4684 ποιούμενοι
598 4610 744 4723 βουλευτηρ
747 4632 773 4666 ια
788 4609 834 4668 και

56 4688 143 4744 πολλὰ
161 4713 223 4801 προς
243 4694 305 4752 τούτ
306 4719 342 4762 οις
364 4693 442 4775 ἕτερα
458 4699 662 4778 ὑπηρετοῦντες,
677 4700 724 4758 και
740 4723 777 4759 πα
781 4700 833 4780 ρ-εί

56 4797 137 4852 χοντο
157 4776 215 4844 τοὺς
230 4780 328 4839 τούτων
347 4783 500 4864 μάρτυρας,
523 4784 634 4852 πολλοὺς
652 4788 736 4860 μέν’
722 4789 832 4864 αστοθς,

55 4863 204 4932 πολλοθςδ
227 4868 311 4926 lx
275 4891 327 4927 των
350 4871 436 4931 ἄλλων
456 4875 632 4954 συμμαχίδων
654 4876 801 4938 πόλεων
772 4902 833 4939 ουτε

55 4953 223 5035 φαύλους
194 4955 250 5014 ουτ’
270 4960 387 5034 ἀφανεῖς.
410 4952 459 5029 Οἷς
480 4962 632 5023 ίπίστευσεν
652 4967 717 5023 6
686 4986 768 5040 οημος
787 4969 833 5027 καί

55 5044 115 5103 οὔτε
136 5046 220 5112 λόγοις
235 5045 274 5103 ἔτι
288 5047 428 5126 θπαχθεις,
442 5050 484 5117 οθς
502 5056 515 5111 δ
530 5051 608 5167 ἀνὴρ
612 5055 642 5111 ἐκ
656 5056 757 5126 πολλης
777 5078 831 5112 πα-

55 5157 183 5213 ρασκευης
207 5135 392 5243 συγκειμένους
422 5137 584 5212 διέθετο,
555 5141 608 5199 σοι’
639 5141 719 5201 οίκτω
745 5143 832 5211 ἐνδοὺς

53 5246 133 5302 τριων
152 5222 199 5299 μίν
226 5223 297 5281 atro
328 5220 429 5280 παίδων
454 5227 571 5302 μεγάλην
596 5229 768 5309 παρεχόντων
796 5232 832 5298 εἷς

1612 416 1674 478 507

894 531 984 593 bools
978 548 1002 583 m
1018 550 1063 586 suo
1073 537 1203 587 consulatu
1215 538 1318 602 largitus
1330 546 1413 600 esset,
1428 544 1472 593 aed
1485 546 1559 596 eliam
1574 551 1674 616 tertiam

894 633 1106 698 praedrcpartcm,
1120 635 1140 685 si
1154 636 1293 687 communis
1312 642 1379 690 esset
1401 640 1506 705 militia,
1520 643 1574 695 dari
1588 649 1674 702 decre-

895 737 989 787 risset:
1003 737 1109 799 deinde,
1127 739 1193 801 quod
1213 739 1333 790 llernicos
1351 742 1457 805 (quibus
1477 744 1542 797 bello
1564 751 1674 805 subactis

894 837 954 887 satis
968 851 1023 888 esse
1039 837 1158 898 debebat,
1179 838 1201 888 si
1216 841 1241 888 cl
1254 839 1306 903 agri
1328 839 1367 889 sui
1380 845 1449 905 parte
1464 844 1546 909 aliqua
1561 851 1675 902 mulctati

894 952 942 989 non
954 939 1070 1000 inissent)
1086 940 1177 990 amicos
1191 954 1236 1004 pro
1249 940 1373 1001 subditis,
1393 949 1418 993 el
1438 946 1505 998 eires
1520 962 1565 1014 pro
1583 953 1674 1017 stipen-

893 1040 979 1090 diariis
993 1040 1105 1100 fecisset,
1119 1043 1143 1090 et
1154 1041 1205 1104 agri
1221 1056 1250 1091 ao
1270 1043 1376 1106 praedm,
1390 1060 1546 1113 quacunque
1559 1056 1628 1115 parta
1647 1058 1675 1104 ιἰι

893 1146 1026 1206 portemur
1039 1149 1120 1203 esset,
1143 1144 1246 1193 alteram
1270 1146 1368 1196 tertiam
1383 1152 1478 1213 partem
1494 1154 1604 1218 accipere
1622 1163 1672 1209 slo-

892 1246 996 1306 misser,
1011 1244 1045 1293 ita
1063 1246 1103 1303 ut,
1123 1244 1207 1309 prada
1231 1246 1352 1296 trifariam
1368 1249 1460 1313 divisa,
1483 1255 1577 1305 subditi
1589 1260 1614 1308 et
1625 1259 1673 1308 ad-

893 1360 962 1397 venae
976 1344 1038 1394 duas
1052 1348 1136 1409 partes
1146 1345 1296 1422 acciperent,
1315 1347 1361 1411 ipsi
1381 1364 1440 1401 vero
1457 1344 1575 1417 indigente
1587 1361 1614 1408 et
1625 1359 1672 1408 du·

892 1464 933 1501 ccs
949 1448 1055 1499 tertiam.
1091 1449 1153 1499 lliuo
1170 1453 1254 1500 aulem
1272 1465 1286 1500 e
1304 1451 1401 1502 duabus
1421 1453 1579 1519 ineptissimis
1599 1462 1673 1511 rebus

893 1553 1038 1604 alterutrum
1052 1551 1097 1600 sibi
1110 1557 1259 1601 eventurum
1272 1553 1490 1618 demonstrabant,
1504 1559 1526 1609 si
1539 1575 1602 1624 quos
1613 1562 1674 1614 alios

892 1655 924 1706 ob
938 1656 1014 1705 multa
1028 1658 1053 1705 et
1066 1668 1153 1715 magua
1168 1655 1192 1702 in
1205 1668 1232 1705 se
1247 1657 1333 1705 rneritn
1350 1657 1445 1707 eisdem
1462 1659 1535 1710 donis
1553 1662 1673 1715 bonorare

892 1756 999 1817 vellent,
1012 1755 1102 1820 quibus
1120 1755 1220 1804 Latinos
1240 1758 1265 1804 cl
1286 1756 1405 1806 Hernicos
1426 1759 1590 1820 honorarent,
1609 1780 1674 1828 quo-

893 1873 948 1909 rum
964 1859 1043 1908 nevel
1057 1857 1157 1905 minima
1175 1856 1276 1920 quidem
1292 1858 1315 1906 ln
1334 1861 1452 1923 populum
1469 1865 1606 1916 llomanum
1619 1882 1673 1919 me-

893 1963 941 2012 rita
954 1964 1085 2012 exstarent.
1120 1963 1204 2018 Quum
1217 1958 1281 2010 enirn
1295 1959 1355 2022 ipsis
1367 1975 1415 2010 una
1426 1966 1522 2015 tantum
1536 1970 1608 2019 tertia
1619 1984 1674 2033 pars

894 2065 961 2112 esset
973 2060 1067 2123 reliqua
1079 2099 1084 2118 ,
1097 2063 1141 2109 aut
1155 2073 1203 2109 non
1212 2058 1356 2122 babituros,
1373 2074 1447 2123 quam
1459 2063 1506 2113 illis
1517 2069 1612 2128 partem
1627 2069 1673 2119 ‹la-

892 2166 961 2222 rent,
976 2163 1035 2217 aul.
1058 2159 1177 2210 sieadem
1201 2159 1248 2210 illis
1269 2159 1444 2225 decernerent,
1468 2163 1529 2214 nihil
1551 2167 1673 2232 sibiipsis

892 2261 1033 2311 relicturos.

924 2563 1058 2612 Lxxvlrl.
1075 2564 1198 2613 Praeterea
1215 2564 1331 2614 dixerunt
1343 2577 1413 2624 eum,
1426 2578 1505 2628 quum
1526 2567 1572 2617 sibi
1585 2581 1674 2632 propo·

893 2653 983 2703 suisset
995 2651 1057 2700 bona
1071 2651 1180 2700 civitatis
1190 2652 1334 2714 publicare,
1350 2665 1396 2701 nec
1405 2665 1436 2702 cx
1449 2657 1671 2719 senatusconsulto,

892 2754 937 2791 nec
951 2753 980 2789 en
993 2739 1092 2801 collegae
1103 2752 1233 2799 consensu,
1248 2740 1293 2790 sed
1307 2741 1332 2790 ri
1347 2739 1426 2804 legem
1437 2742 1546 2804 perferre
1556 2748 1671 2795 conatum

890 2828 968 2880 inisse
982 2847 987 2876 :
1000 2842 1056 2891 quaa
1070 2840 1118 2876 nou
1131 2827 1179 2876 islo
1195 2832 1296 2879 tantum
1314 2831 1412 2879 nomine
1433 2832 1569 2894 perniciosa
1587 2837 1614 2883 et
1633 2835 1672 2884 in-

890 2919 955 2970 iusta
981 2920 1051 2978 erat,
1065 2916 1150 2980 quod,
1173 2931 1251 2982 quum
1275 2919 1401 2970 debuisset
1426 2925 1671 2976 senatusconsultum

891 3006 1046 3073 precedere,
1060 3009 1101 3066 et,
1119 3006 1138 3055 si
1156 3005 1268 3069 patribus
1279 3007 1426 3071 placuisset,
1442 3011 1476 3059 ita
1490 3010 1590 3061 demum
1603 3013 1670 3065 istud

891 3095 1039 3146 beneficium
1054 3094 1164 3143 omnium
1180 3092 1320 3157 principum
1335 3096 1444 3147 civitatis
1455 3111 1585 3147 commune
1601 3114 1669 3162 esse,

891 3185 944 3249 ipse
954 3187 1036 3233 tamen
1048 3182 1115 3231 illius
1129 3181 1234 3244 gratiam
1251 3182 1283 3231 ad
1301 3198 1376 3234 unum
1392 3185 1515 3236 bominem
1529 3188 1668 3238 transtulis-

891 3280 945 3327 set:
970 3275 1013 3326 sed
1027 3274 1103 3324 eliam
1118 3288 1163 3334 eo,
1194 3275 1383 3337 quodomnium
1405 3279 1460 3327 erat
1480 3279 1669 3342 gravissimum,

890 3365 958 3429 quod
976 3364 1058 3415 verbis
1075 3363 1176 3428 quidem
1198 3376 1255 3426 ager
1278 3363 1391 3426 publicus
1412 3365 1487 3427 gratis
1513 3366 1671 3418 dividebatur

892 3454 998 3515 civibus,
1015 3453 1059 3503 sod
1070 3466 1097 3502 ro
1112 3452 1165 3515 ipsa
1179 3452 1308 3513 llomauis,
1324 3455 1367 3517 qul
1382 3467 1440 3503 eum
1458 3461 1669 3518 comparaverant,

891 3541 1051 3594 auferebatur
1066 3559 1072 3589 ι
1102 3540 1168 3602 quod
1183 3554 1258 3588 unam
1271 3544 1367 3590 tantum
1379 3546 1475 3605 partem
1494 3545 1618 3607 accepturi
1629 3560 1671 3596 es-

890 3637 957 3693 sent,
974 3630 1072 3682 Hernici
1091 3643 1150 3680 rero
1159 3633 1184 3680 et
1200 3628 1296 3689 Latini,
1309 3629 1341 3679 ad
1355 3645 1418 3694 quos
1431 3631 1453 3680 is
1469 3645 1527 3696 ager
1541 3633 1603 3684 nibil
1615 3649 1669 3698 per·

891 3721 1000 3781 tinebat,
1017 3719 1097 3780 duas;
1115 3720 1141 3768 et
1158 3716 1266 3780 quodne
1282 3718 1390 3768 tribunis
1407 3720 1508 3783 quidem
1520 3722 1669 3774 interceden-

890 3812 971 3872 tibus,
985 3812 1012 3860 et
1029 3809 1135 3859 alterum
1156 3806 1215 3871 legis
1237 3810 1326 3871 caput,
1349 3808 1374 3857 in
1388 3810 1484 3873 quode
1505 3823 1577 3874 aequa
1601 3818 1669 3876 parto

890 3900 991 3952 arlrenis
1007 3896 1164 3949 concedenda
1179 3896 1298 3957 agebatur
1307 3898 1358 3947 tolli
1370 3899 1560 3961 postulantibus,
1574 3903 1669 3964 proruis.

889 3994 944 4049 set,
967 3987 1012 4039 sed
1031 3990 1057 4038 et
1070 3986 1176 4038 tribunis
1196 3988 1222 4035 et
1238 3986 1337 4046 collegae
1350 3989 1375 4036 et
1392 3988 1488 4038 senatui
1504 3989 1669 4055 omnibusque

888 4081 982 4145 optime
996 4078 1138 4144 reipublice
1157 4076 1342 4127 consulentibus
1353 4076 1510 4140 pertinaciter
1524 4078 1668 4131 adversatus

889 4174 962 4222 esset.
996 4169 1042 4220 His
1058 4170 1141 4218 autem
1157 4166 1291 4224 enarratis,
1303 4168 1378 4228 alque
1390 4166 1500 4217 omniurn
1516 4167 1609 4218 civium
1621 4171 1667 4219 tes·

888 4260 992 4311 timonio
1003 4256 1169 4319 consumatis,
1183 4258 1269 4320 postea
1283 4268 1374 4304 arcana
1386 4257 1461 4305 eliam
1478 4257 1618 4318 tyrannidis
1630 4273 1668 4307 nr-

889 4350 1005 4413 gumenta
1024 4344 1196 4410 postularunt,
1215 4343 1314 4393 Latinos
1331 4346 1356 4393 et
1375 4343 1495 4394 llernicos
1512 4345 1536 4395 ei
1550 4347 1667 4408 pecunias

890 4438 955 4486 lacta
968 4433 1097 4484 collatione
1111 4431 1223 4491 dedisse,
1246 4435 1271 4481 et
1285 4445 1354 4480 arma
1368 4445 1539 4496 comparasse,
1552 4436 1577 4481 ct
1590 4432 1666 4481 ouda-

888 4525 999 4576 cissimos
1013 4535 1125 4586 quosque
1143 4521 1241 4570 illorum
1255 4519 1404 4584 populorum
1420 4519 1525 4570 iuvenes
1538 4533 1595 4570 euro
1612 4533 1666 4568 sec-

887 4614 951 4675 tari,
965 4615 991 4664 et
1011 4611 1113 4662 consilia
1135 4609 1233 4660 occulta
1258 4607 1335 4669 inire,
1358 4608 1545 4671 multarumque
1563 4608 1667 4662 aliarum

887 4717 970 4754 rerum
984 4703 1105 4766 practerea
1118 4699 1152 4749 illi
1170 4698 1296 4747 ministros
1311 4711 1374 4748 ease.
1408 4701 1502 4747 Harum
1514 4710 1612 4759 quoque
1627 4710 1664 4744 re·

887 4807 942 4844 rum
953 4795 1030 4843 testes
1045 4788 1215 4855 producebant
1236 4786 1329 4836 mullos
1350 4786 1432 4847 eires,
1449 4786 1592 4845 multosque
1604 4783 1664 4830 alia-

887 4898 940 4933 rum
955 4883 1130 4933 loederatarum
1151 4879 1282 4928 cirilalum
1302 4878 1381 4939 riros,
1400 4891 1445 4927 nec
1457 4872 1663 4932 contemnendos,

886 4986 931 5022 nec
942 4969 1070 5033 ignobiles.
1114 4966 1211 5027 Quibus
1225 4967 1332 5028 populus
1346 4967 1418 5014 sulem
1433 4963 1534 5018 babuit,
1552 4972 1597 5007 nec
1609 4973 1661 5008 arn-

885 5062 987 5124 pliusea
998 5060 1109 5113 oratione
1123 5060 1218 5116 molor,
1234 5069 1308 5118 qnam
1324 5054 1364 5102 ille
1373 5066 1405 5101 en
1418 5053 1489 5111 longa
1504 5047 1662 5099 meditatione

885 5149 1057 5212 composuerat
1069 5160 1114 5195 noc
1124 5142 1295 5194 misericordia
1310 5142 1401 5199 ilerus,
1415 5138 1530 5201 quumvis
1543 5141 1594 5186 tros
1606 5151 1662 5188 curu

883 5236 953 5287 liberi
970 5247 1117 5299 magnopere
1133 5233 1281 5283 adiuvarent
1293 5231 1324 5280 ad
1341 5226 1533 5280 misericordiam
1545 5226 1567 5277 ci
1585 5227 1661 5274 conci-
