3772 5828
580 359 876 434 ANTIQUl'l'ltTUM
899 359 1046 424 ROMAN.
1071 360 1145 422 LlB.
1169 365 1208 422 X.

94 489 223 551 καὶκατὰ
241 488 358 560 σπουδῆν
373 489 482 569 ἐξῄεσαν
495 489 646 570 δμρότεροι.
690 490 800 550 Σαόῖνοι
822 490 871 567 μέν

93 570 137 639 οὐν
152 578 198 646 τδις
211 579 298 645 πολεις
319 576 363 636 δεδι
378 582 499 659 ρνλακῆς
517 578 619 658 ἔχοντες
633 581 785 661 ὑπερεῖδον,
808 581 871 658 ιἰγο·

94 668 179 742 μένων
202 690 231 725 τε
253 667 299 725 καί
322 667 471 745 φερομένων
494 668 619 727 ἁπάντων
642 670 694 727 τῶν
720 665 791 726 κατδι
813 665 872 733 τούς

94 753 202 836 ἀγρούς·
225 754 336 815 Αἰκανοί
361 753 388 812 δέ
406 753 453 825 τὴν
480 754 706 832 ἐναντιωσομένην
727 754 872 831 Ῥωμαίοις

54 851 65 887 ⁵
94 843 203 920 δύναμιν
231 843 402 904 ἀπέστειλαν.
456 842 660 921 Ἀγωνισάμενοι
689 845 717 904 δέ
741 847 872 924 λαμπρῶς

93 934 144 1012 οὐχ
158 923 206 992 οἷοί
220 935 244 990 τ’
261 931 379 1008 ἐγένοντο
391 930 440 1003 τῆν
458 931 603 1009 Ῥωμαίων
619 932 812 1011 ὑπερίαλέσθαι
826 931 871 991 διί-

93 1043 188 1095 ναμιν,
205 1017 265 1078 ἀλλ’
280 1019 488 1098 ἠναγκάσθησαν
515 1022 551 1085 είς
562 1019 610 1087 τδις
630 1021 719 1088 πόλεις
735 1020 870 1090 ἀπελθεῖν,

95 1106 272 1174 οἷ’ποὸαλόντες
297 1107 328 1166 τό
362 1107 515 1187 πολίχνιον,
542 1105 607 1186 ὑπὲρ
645 1099 675 1168 οὑ
710 1105 754 1167 τδν
782 1109 871 1186 ἀγῶνα

94 1200 236 1255 ἐποιοῦντο.
279 1193 403 1275 Ὁράτιος
420 1195 447 1254 δὲ
470 1197 632 1276 τρεψάμενος
655 1195 714 1263 τοὺς
727 1194 871 1273 πολεμίους

94 1284 239 1344 καὶπολλὰ
255 1288 302 1356 τῆς
323 1283 413 1364 χώρας
426 1287 511 1344 αὐτῶν
534 1282 673 1361 κακώσας,
689 1289 734 1343 τοῦ
753 1307 783 1342 τε
801 1287 870 1363 Κορ·

95 1371 185 1440 ὑιῶνος
195 1372 229 1433 τδι
241 1371 318 1450 τείχη
333 1371 509 1438 κατασπάσας
526 1370 572 1430 καλ
587 1370 634 1438 τὰς
656 1373 771 1443 οἰκήσεις
790 1374 819 1432 ἐκ
831 1376 872 1431 θε-

94 1462 190 1536 μελίων
206 1461 324 1533 ἀνελὼν,
342 1463 428 1537 σἰπῆγε
442 1459 490 1532 τῆν
507 1459 615 1538 δύναμιν
631 1462 671 1519 ἐπ’
687 1459 769 1522 οἴκου.

133 1552 241 1611 XXXI.
265 1553 312 1629 Τῷ
337 1551 360 1607 δ’
375 1547 433 1620 ἑξῆς
450 1549 519 1626 ἔτει,
535 1548 645 1628 Μάρκου
659 1548 807 1630 Οὐαλερίου
823 1549 869 1609 καί

94 1637 208 1718 Σπορίου
231 1635 386 1715 Οὐεργινίου
404 1636 453 1708 τῆν
466 1634 592 1695 ὑπατείαν
608 1634 742 1714 ἐχόντων,
760 1636 871 1716 στρατιδι

53 1755 65 1789 5
94 1725 141 1799 μέν
167 1723 302 1806 ὑπερόριος
324 1723 433 1800 οὐδεμία
457 1722 547 1795 ἐξῆλθε
570 1723 728 1802 Ῥωμαίων,
747 1724 871 1784 πολιτικδ

93 1814 122 1872 δέ
136 1838 194 1873 τινα
206 1811 431 1892 προσκρούσματα
439 1813 491 1881 τοῖς
501 1812 648 1895 δημάρχοις
658 1811 723 1891 πρὸς
734 1812 792 1881 τούς
802 1814 870 1872 ὑπά·

93 1924 152 1968 τους
173 1901 284 1972 συνέστη
298 1899 396 1979 πάλιν,
415 1899 441 1970 ἐξ
455 1891 492 1960 ὧν
509 1902 587 1961 πλέον
600 1901 678 1980 ἔσχον
697 1903 721 1960 οἱ
737 1900 871 1983 δήμαρχοι

93 1991 317 2070 παρασπάσαντες
328 2014 353 2049 τι
365 1995 412 2063 τῆς
427 1993 555 2062 ὑπατικῆς
570 1991 733 2058 δυναστείας.
755 1992 809 2051 Τὸν
823 1990 871 2068 μὲν

93 2079 144 2158 γὰρ
160 2078 304 2160 ἔμπροσθεν
321 2078 414 2160 χρόνον
436 2080 580 2150 ίκκλησῖας
605 2079 683 2157 μόνον
698 2070 765 2152 ἦσαν
781 2081 805 2139 οἱ
825 2079 870 2151 δή·

38 2196 51 2230 2
95 2190 194 2246 μαρχοι
213 2168 311 2249 κύριοι,
338 2165 434 2247 βουλὴν
459 2166 486 2226 δέ
504 2165 626 2246 συνάγειν
645 2167 662 2239 ἢ
684 2167 793 2245 γνώμην
807 2168 870 2245 σἰγο·

96 2257 177 2336 ρεύειν
202 2258 249 2316 οὐκ
272 2255 331 2327 ἐξῆν
354 2257 455 2328 αὐτοῖς,
470 2257 529 2315 ἀλλ’
549 2246 581 2328 ῆν
597 2258 647 2314 τῶν
664 2255 771 2315 ὑπάτων
794 2261 871 2315 τοῦτο

92 2347 122 2404 τό
137 2344 270 2424 γέρας.οί
283 2345 311 2403 δέ
323 2343 382 2404 τότε
393 2345 528 2424 δήμαρχοι
540 2347 639 2423 πρῶτοι
656 2345 796 2419 συγκαλεῖν
811 2344 871 2402 ἐπε-

94 2430 206 2491 θάλοντο
221 2431 268 2503 τῆν
288 2431 405 2511 βουλὴν,
423 2429 548 2491 Ἰκιλλίου
558 2431 607 2502 τὴν
621 2437 715 2510 πεῖραν
728 2432 871 2507 εἰσηγησα-

93 2517 189 2593 μένου,
202 2517 229 2586 ὃς
241 2520 332 2595 ἡγεῖτο
352 2518 400 2592 μέν
411 2523 458 2575 τοῦ
473 2518 601 2597 ἀρχείου,
621 2515 775 2598 δραστήριος
789 2516 818 2575 δέ
832 2540 871 2584 τις

51 2622 64 2657 ὑ
92 2598 124 2675 ῆν
140 2606 217 2684 ἀνὴρ,
233 2607 279 2665 καί
294 2610 329 2672 ὡς
343 2605 478 2682 Ῥωμαῖος
488 2608 570 2665 εἰπεῖν
586 2608 633 2665 οὐκ
646 2608 782 2672 άδύνατος.
796 2603 869 2666 Είσί·

93 2717 154 2775 npepe
172 2695 223 2774 γάρ
237 2718 263 2753 τι
278 2694 323 2753 καλ
341 2685 415 2760 οὑτος
426 2696 573 2771 πολίτευμα
587 2693 694 2767 καινόν,
710 2692 788 2762 ἀξιῶν
804 2699 870 2755 dno·

93 2787 250 2862 μερισθῆναι
273 2787 327 2849 τοῖς
354 2782 481 2859 δημόταις
503 2784 582 2842 τόπον
620 2784 656 2850 εἶς
673 2785 762 2842 οἰκιῶν
783 2807 870 2844 κατα-

93 2871 237 2939 σκευδιςτύν
252 2870 413 2946 καλούμενον
426 2872 577 2936 Αὐεντῖνον.
590 2868 708 2933 Ἔστιδέ
720 2871 798 2953 λάρος
806 2876 871 2955 ὑψη-

92 2961 135 3029 λὸς
150 2963 288 3037 ἐπιεικῶς,
317 2964 365 3020 οὐκ
381 2959 500 3020 έλάττων
519 2959 537 3033 ἢ
559 2961 662 3020 δώδεκα
688 2962 803 3021 σταδίων
822 2962 870 3035 τὴν

92 3049 263 3130 περίμετρον,
284 3049 506 3130 ἐμπεριεχόμενος
531 3074 564 3129 τη
582 3049 671 3123 πόλει,
695 3049 723 3117 te
736 3053 785 3130 οὐχ
799 3049 870 3120 θπας

92 3139 150 3198 τότε
164 3141 277 3218 ᾠκεῖτο,
292 3139 353 3197 ἀλλ’
366 3129 399 3211 ῆν
412 3137 537 3214 δημόσιός
547 3161 576 3198 τι
587 3136 633 3198 καὶ
644 3137 708 3210 ὑλης
719 3139 867 3208 ἀνάπλεως.

91 3231 178 3288 Τοῦτο
188 3230 219 3289 τδ
240 3228 388 3305 πολίτευμα
410 3228 523 3307 εἰσάγων
547 3231 561 3286 ὑ
581 3226 718 3308 δήμαρχος
735 3231 789 3296 τοῖς
809 3231 869 3290 τότε

92 3319 200 3386 ὑπάτοις
211 3317 257 3375 καὶ
271 3322 303 3395 τῇ
320 3320 402 3395 βουλῇ
414 3316 527 3396 προσῄει
537 3315 667 3394 δεόμενος,
681 3315 724 3374 τόν
741 3319 783 3376 ἐπ’
799 3318 869 3397 αὐτῷ

91 3405 223 3484 γραρίντα
242 3404 322 3480 νόμον
341 3403 536 3482 προόουλεὺσαί
553 3428 582 3462 τε
603 3405 649 3463 καὶ
661 3405 697 3471 είς
718 3404 763 3462 τὸν
784 3406 868 3480 δῆμον

34 3540 61 3575 ,5
91 3493 243 3571 ἐξενεγκεῖν.
263 3490 498 3568 Ἀναόαλλομένων
511 3492 539 3551 δέ
554 3492 600 3551 καί
616 3491 801 3573 παρελκόντων
816 3497 868 3553 τῶν

91 3581 197 3641 ὑπάτων
210 3580 255 3641 τδν
275 3580 385 3661 χρόνον,
408 3579 515 3663 πέμψας
542 3579 585 3640 τόν
609 3581 743 3662 ὑπηρέτην
768 3584 803 3650 ὡς
818 3584 868 3641 αὐ-

91 3669 151 3737 robe
174 3672 308 3729 ἐκελευσεν
330 3670 373 3727 ἐπὶ
399 3670 447 3742 τῆν
472 3668 557 3751 α’ρχλν
582 3672 733 3730 ἀκολουθεῖν
757 3672 802 3730 καὶ
820 3671 868 3745 τὴν

92 3756 188 3836 βουλὴν
204 3759 356 3834 συγκαλεῖν.
384 3756 461 3818 Ἐπεὶ
473 3757 500 3817 δὲ
511 3761 563 3818 τῶν
580 3759 733 3840 ραὸδούχων
744 3783 783 3828 τις
796 3760 867 3833 ἀπή·

89 3849 156 3905 λασε
178 3846 222 3905 τδν
242 3845 393 3925 ὑπηρέτην,
417 3848 565 3915 κελευσθείς
588 3849 640 3907 ὑπὸ
666 3851 718 3908 τῶν
742 3849 865 3925 ὑπάτων,

90 3935 308 4014 αῖγανακτῆσαςδ
329 3937 451 4004 Ἰκίλλιος
471 3935 518 3995 καί
536 3939 560 3998 οῖ
576 3937 751 4018 συνάρχοντες
769 3943 864 4015 αὐτοῦ,

90 4023 232 4084 συνέλαὺον
252 4024 296 4083 τὸν
318 4024 464 4106 ραόδούχον
487 4026 534 4086 καὶ
550 4028 669 4106 ἀπῆγον,
693 4031 728 4095 ὡς
751 4027 868 4108 ῥίψοντες

88 4112 157 4171 κατὰ
180 4119 227 4186 τῆς
240 4112 348 4194 πέτρας.
390 4115 425 4176 Οἱ
447 4112 587 4174 δέὑπατοι
611 4115 754 4195 βιάσασθαι
778 4118 827 4194 μέν
849 4116 866 4191 ἢ

88 4202 131 4259 τὸν
160 4204 288 4281 ἀγόμενον
317 4200 475 4283 ἀφελέσθαι,
506 4202 594 4264 καίτοι
629 4202 701 4263 δεινδι
733 4207 867 4275 δοκοῦντες

88 4289 226 4370 ὑύρίσθαι,
255 4290 379 4350 θδὺνοιτοι
405 4280 493 4364 ἦσαν,
519 4293 695 4352 ἐπεκαλοῦντο
720 4291 747 4352 δέ
770 4292 818 4364 τῆν
837 4297 867 4353 έκ

34 4405 60 4442 ιε
87 4380 138 4435 τῶν
163 4378 250 4439 ἄλλων
277 4379 424 4460 δημάρχων
452 4379 585 4457 βοήθειαν.
629 4378 713 4442 Οὐθέν
740 4379 792 4461 γδρ
813 4384 865 4440 τῶν

89 4468 275 4545 πραττομένων
293 4468 405 4540 ὑπὸτῆς
425 4470 511 4550 ἀρχῆς
526 4469 627 4541 ἐκείνης
647 4470 765 4550 ἐπισχεῖν
780 4468 797 4542 ἢ
817 4492 868 4528 κω-

89 4554 167 4612 λῦσαι
181 4559 232 4614 τῶν
244 4556 330 4618 ἄλλων
345 4557 396 4616 τινί
419 4556 537 4635 ἔξεστιν,
554 4558 615 4616 ἀλλ’
626 4557 715 4636 έτέρου
726 4559 849 4637 δημάρχο

88 4640 164 4697 τοῦτο’
179 4642 235 4701 ἐστι
255 4645 285 4704 τό
298 4645 405 4726 κράτος.
426 4647 489 4713 Τοῖς
512 4645 540 4705 δέ
563 4645 616 4726 ἄρα
639 4655 720 4706 πᾶσιν
734 4637 766 4718 ῆν
781 4651 865 4705 ταῦτα

88 4731 150 4787 κατ’
165 4729 252 4809 ἆρχέες
264 4732 425 4813 δεδογμένα,
441 4734 503 4813 μήτ’
524 4733 717 4813 εἰσηγήσασθαί
734 4758 792 4794 τινα
807 4758 866 4795 και·

38 4838 64 4876 oo
88 4817 130 4875 νδν
145 4817 292 4895 πολίτευμα
312 4824 392 4898 μηθέν
411 4823 450 4906 ἐφ’
466 4828 552 4904 ἐαυτῷ
575 4823 752 4904 βαλλόμενον,
766 4824 811 4885 έδιν
827 4825 864 4903 μὴ

87 4917 153 4966 πᾶσι
174 4907 204 4966 τό
229 4908 293 4967 αὐτδ
317 4911 400 4990 δοκῇ,
428 4913 494 4988 μήτε
521 4913 711 4986 ἐναντιωθῆναί
728 4937 787 4972 τινα
812 4923 865 4982 τοῖς

87 4995 290 5075 τραπομένοις,
319 4997 413 5144 [tillidi
440 4997 504 5079 ὅπερ
528 5000 560 5061 θν
582 5005 609 5062 al
633 5000 739 5070 πλείους
759 5006 864 5082 γνῶμαι

88 5085 252 5162 δοκιμάσωσι
278 5090 368 5159 [τοῦτο
386 5109 452 5147 εναι
466 5088 590 5169 κὺριον],
611 5090 657 5150 καῖ
677 5090 739 5172 περὶ
765 5089 864 5150 τούτων

88 5170 160 5241 εὐθύς
175 5173 232 5253 ἅμα
247 5177 286 5254 τῷ
300 5173 466 5256 παραλαύιῒν
480 5178 528 5251 τὴν
547 5180 644 5259 ἀρχὴν,
654 5179 713 5262 ίιρδ
723 5178 863 5253 θύσαντες,

1645 370 1701 430 bil

928 499 1047 550 celeriter
1057 499 1141 563 copias
1154 499 1303 552 eduxerunt.
1320 501 1412 562 Sabini,
1428 501 1493 552 intra
1504 503 1592 567 oppida
1604 518 1630 555 se
1643 520 1703 556 con·

927 596 1033 648 tinentes
1049 603 1124 663 atque
1139 614 1168 650 ea
1180 603 1305 656 tutantes,
1321 600 1403 650 omnia
1416 615 1473 663 quae
1495 602 1519 651 in
1537 603 1601 666 agris
1623 609 1703 665 erant,

928 695 968 757 agi
979 697 1004 744 ct
1018 695 1076 746 terri
1092 696 1256 761 patiebantur.
1291 701 1321 748 at
1333 699 1405 762 ,aqut
1421 700 1557 751 exercitum
1574 701 1703 763 miserunt,

927 791 970 856 qui
988 795 1105 844 Romanis
1121 796 1218 846 obuiam
1232 797 1286 847 irct.
1322 797 1368 854 Qui
1393 797 1451 847 licet
1475 800 1574 849 strenue
1586 799 1704 851 dimicas-

927 892 991 944 sent,
1003 891 1086 941 tamen
1100 894 1267 942 Romanorum
1279 893 1345 942 uires
1358 907 1474 957 superare
1490 910 1538 945 non
1549 899 1684 960 potuerunt
1699 917 1705 946 ε

927 989 972 1039 scd
988 1004 1015 1042 so
1031 991 1057 1041 in
1072 993 1162 1057 oppida
1178 994 1287 1058 recipcre
1311 995 1391 1044 coacti
1410 998 1518 1057 suerunt,
1532 999 1625 1048 amisso
1639 999 1707 1063 oppi-

927 1085 995 1146 dulo,
1010 1102 1115 1152 proquo
1137 1093 1282 1154 pugnarant.
1317 1093 1434 1143 Horatius
1459 1107 1532 1154 vero,
1547 1094 1609 1144 lusis
1624 1108 1653 1144 ao
1668 1095 1704 1144 lu·

927 1183 1123 1247 geminamus,
1145 1192 1171 1237 et
1189 1189 1241 1253 agri
1262 1203 1347 1239 eorum
1371 1203 1458 1252 magna
1482 1192 1550 1253 parte
1572 1193 1705 1241 uastataet

927 1279 1032 1346 direpta,
1055 1283 1232 1349 corbionisque
1254 1288 1376 1338 nroenibus
1392 1290 1481 1341 dirutis
1497 1294 1572 1353 atque
1593 1290 1704 1341 aediliciis

928 1378 1038 1431 funditus
1048 1382 1151 1446 eversis,
1166 1385 1303 1436 exercitum
1316 1386 1418 1438 domum
1429 1387 1535 1438 reduxit.

960 1583 1042 1632 1111111.
1056 1587 1126 1633 Anno
1141 1588 1308 1650 separemini.
1321 1591 1420 1641 Valerio
1433 1595 1458 1642 et
1471 1595 1511 1658 Sp.
1527 1594 1636 1658 virginio
1645 1609 1704 1646 con·

928 1681 1035 1733 sulatum
1048 1686 1203 1749 gerentibus,
1220 1690 1316 1739 nullum
1329 1690 1420 1742 bellum
1443 1697 1574 1746 externum
1588 1712 1603 1746 a
1616 1699 1706 1762 populo

931 1769 1040 1829 ltomano
1054 1783 1152 1845 gestum
1164 1787 1203 1834 est
1227 1805 1233 1832 ι
1254 1786 1298 1835 sed
1321 1791 1490 1839 contentiones
1516 1791 1579 1842 inter
1592 1792 1707 1844 tribunos
1751 1777 1753 1781 ⁵

928 1878 952 1924 et
970 1877 1085 1928 consules
1105 1878 1171 1929 domi
1198 1886 1322 1932 renovatae
1336 1888 1408 1943 sunt,
1436 1887 1527 1950 quibus
1543 1888 1633 1939 tribuni
1647 1905 1706 1940 con·

928 1973 1035 2026 solarem
1060 1981 1207 2040 potestatem
1238 1980 1421 2034 imminuerunt.
1443 1987 1505 2034 Nam
1529 1990 1601 2036 antea
1613 1988 1705 2039 tribuni

930 2070 1009 2122 solum
1032 2075 1156 2126 concionis
1175 2079 1340 2129 convocandae
1363 2081 1405 2142 jus
1431 2080 1571 2157 trabebant3
1592 2089 1705 2136 senatum

929 2183 989 2221 vero
1009 2185 1109 2236 cogere,
1128 2177 1172 2224 aut
1193 2176 1339 2226 sententiam
1361 2177 1442 2228 dicero
1464 2180 1513 2229 illis
1534 2196 1583 2232 nou
1601 2182 1704 2243 licebat,

929 2267 1025 2318 sedhic
1036 2268 1115 2319 bonor
1129 2273 1259 2322 consulum
1271 2278 1332 2325 erat.
1367 2274 1436 2325 lilius
1448 2280 1532 2326 autem
1546 2278 1603 2328 anni
1614 2278 1706 2330 tribuni

928 2365 1002 2428 primi
1015 2371 1128 2418 sennium
1159 2385 1294 2422 conuocare
1310 2377 1368 2422 sunt
1380 2374 1497 2436 aggressi,
1513 2375 1582 2425 istius
1603 2382 1706 2428 conatus

932 2467 1033 2514 auctore
1050 2466 1130 2526 icilio,
1155 2468 1198 2530 qui
1212 2469 1266 2532 ejus
1286 2470 1381 2534 collegii
1394 2470 1507 2535 princeps
1534 2477 1599 2534 erat,
1613 2474 1650 2525 vir
1665 2476 1704 2525 in·

928 2560 1040 2610 dustrius
1056 2567 1082 2613 et
1095 2567 1204 2615 ltonrana
1219 2566 1337 2631 facundia
1347 2569 1446 2632 pollens.
1479 2569 1592 2622 ttamhte
1609 2587 1705 2637 quoquc

930 2669 1021 2705 norum
1036 2657 1176 2708 institutum
1196 2661 1220 2709 in
1239 2662 1413 2726 rempublicam
1433 2662 1548 2714 inducere
1567 2670 1604 2715 est
1619 2681 1704 2729 ausus,

930 2748 1056 2809 postulans
1079 2754 1107 2799 ut
1130 2751 1208 2812 locus,
1231 2753 1275 2815 qni
1297 2757 1431 2803 Aventinus
1452 2760 1563 2820 νοωίυι,
1587 2758 1652 2821 plebi
1674 2760 1704 2809 art

930 2838 996 2890 cedes
1011 2840 1036 2890 in
1048 2854 1078 2891 eo
1102 2842 1256 2893 fabricandas
1277 2844 1438 2896 diuideretur.
1473 2849 1517 2896 Est.
1536 2851 1621 2898 autom
1637 2851 1707 2901 collis

931 2933 1025 2985 modice
1048 2936 1129 2997 altus,
1154 2938 1249 2988 ambitu
1271 2953 1319 2988 non
1352 2941 1446 2991 minore
1476 2955 1549 3005 quani
1575 2942 1705 2996 duodecim

931 3027 1080 3090 stadiorum,
1103 3031 1228 3082 moenibus
1254 3033 1323 3082 urbis
1348 3035 1552 3099 comprehensus,
1576 3038 1620 3101 qui
1647 3042 1705 3088 tuuc

929 3135 978 3171 non
991 3126 1058 3174 totus
1073 3123 1238 3188 habitabatur,
1257 3126 1301 3177 sed
1317 3130 1370 3177 erat
1385 3128 1500 3191 publicus
1513 3132 1538 3179 et
1551 3142 1704 3186 nemorosus.

928 3215 1054 3268 Tribunus
1073 3219 1148 3282 igitur
1176 3220 1239 3269 banc
1253 3223 1374 3272 actionem
1395 3221 1518 3282 inferens,
1537 3223 1568 3273 ad
1583 3225 1636 3288 ejus
1647 3227 1705 3277 anni

928 3315 1042 3365 consules
1057 3319 1083 3364 et
1095 3321 1208 3366 senatum
1225 3317 1344 3376 accessit,
1366 3317 1485 3381 petiitque
1504 3321 1531 3368 ut
1548 3333 1617 3369 suam
1633 3335 1705 3385 rogn-

928 3406 1020 3456 tionem
1032 3409 1246 3458 senatusconsulto
1257 3408 1426 3459 confirmatam
1445 3410 1529 3460 liceret
1541 3414 1703 3476 promulgare,
1786 3450 1789 3455 -

930 3496 1078 3548 Consulibus
1092 3501 1176 3549 autem
1198 3513 1250 3551 rem
1265 3500 1476 3552 ditlerentibuset
1496 3505 1594 3566 tempus
1609 3509 1705 3568 protra-

928 3590 1059 3650 hentibus,
1079 3591 1154 3641 misso
1167 3591 1198 3641 ad
1211 3605 1254 3642 eos
1265 3594 1418 3656 apparitore,
1437 3594 1469 3644 ad
1487 3596 1613 3659 collegium
1635 3599 1704 3661 sequi

898 3716 901 3723 ·
927 3689 1001 3749 atque
1027 3689 1140 3737 senatum
1164 3698 1299 3737 convocare
1322 3686 1405 3748 jussit.
1439 3688 1488 3738 Sed
1508 3703 1587 3752 quum
1603 3691 1704 3753 quidam

927 3796 958 3833 ex
973 3783 1099 3835 lictoribus
1124 3785 1196 3849 jussu
1210 3785 1346 3835 consulum
1369 3783 1534 3848 apparitorem
1558 3788 1701 3851 repulisset,

927 3877 1010 3929 Icilius
1016 3877 1121 3941 eiusque
1140 3879 1255 3944 collega,
1268 3878 1295 3929 id
1309 3879 1394 3943 iniquo
1404 3878 1485 3929 animo
1499 3880 1617 3941 terentes,
1630 3882 1702 3933 licto-

925 3984 977 4022 rem
997 3972 1236 4038 comprehenderunt
1257 3976 1291 4036 et,
1306 3976 1335 4022 ut
1354 3971 1488 4037 dejicerent
1504 3975 1536 4025 de
1559 3990 1632 4035 saxo,
1656 3979 1703 4026 ad-

923 4063 1055 4118 duxerunt.
1090 4070 1121 4117 tt
1141 4067 1257 4117 consules
1271 4079 1316 4116 nec
1340 4066 1391 4117 rim
1407 4066 1496 4116 alterne
1509 4080 1554 4118 nec
1573 4083 1644 4130 enm,
1660 4071 1703 4135 qui

923 4156 1100 4222 abducebatur,
1126 4159 1221 4223 eripere
1243 4162 1386 4223 potuerunt,
1413 4158 1471 4210 iicet
1491 4174 1517 4210 se
1532 4163 1601 4222 gravi
1616 4166 1702 4214 contu·

924 4249 996 4300 melia
1008 4251 1111 4303 allectos
1128 4254 1261 4317 putarent:
1286 4251 1329 4302 sed
1341 4252 1444 4302 aliorum
1464 4252 1618 4304 tribunorum
1630 4270 1702 4320 operu

925 4341 1095 4406 implorabant.
1129 4345 1201 4403 Quod
1225 4344 1290 4394 enim
1312 4358 1343 4395 eu
1372 4343 1437 4394 iliius
1459 4345 1555 4407 collegii
1582 4348 1702 4397 sententia

924 4437 960 4496 lit,
986 4438 1011 4487 id
1037 4440 1168 4505 probibere
1195 4445 1238 4491 aut
1260 4441 1377 4505 impedire
1406 4441 1466 4491 nulli
1488 4442 1528 4491 alii
1552 4443 1608 4492 licct
1629 4463 1635 4491 z
1659 4444 1701 4514 sed

922 4531 976 4583 haec
989 4537 1098 4598 potestas
1115 4538 1153 4584 est
1177 4534 1281 4599 alicujus
1299 4534 1363 4584 alius
1383 4534 1484 4584 tribuni.
1520 4534 1557 4583 illi
1573 4549 1632 4584 vcro
1651 4535 1701 4597 jam

922 4626 979 4674 ante
1005 4624 1070 4676 inter
1093 4639 1119 4674 sc
1142 4624 1316 4687 decreverant,
1344 4638 1373 4675 ne
1400 4626 1456 4687 quis
1478 4625 1574 4688 privato
1601 4623 1700 4673 consilio

920 4730 1013 4767 norum
1032 4716 1131 4782 aliquod
1155 4718 1297 4769 institutum
1318 4718 1454 4775 inveheret,
1470 4717 1516 4766 nisi
1539 4716 1597 4764 illuri
1618 4715 1698 4777 ipsum

921 4811 967 4861 toti
981 4812 1083 4876 collegio
1103 4811 1264 4876 probaretur3
1287 4827 1331 4863 nec
1349 4813 1415 4863 ullus
1432 4811 1475 4861 ulli
1490 4809 1581 4858 actioni
1592 4808 1698 4856 interce·

919 4904 1049 4964 accenseri
1065 4905 1131 4968 qnod
1147 4904 1254 4969 plurium
1274 4906 1401 4955 sententiis
1413 4901 1602 4967 approbaretur,
1621 4899 1644 4948 id
1656 4913 1698 4948 ra·

919 4998 974 5048 tum
989 5002 1062 5048 esset.
1096 5004 1132 5051 Ac
1141 5001 1269 5049 confestim
1288 5000 1436 5062 simulatque
1452 4993 1626 5055 magistratum
1640 4992 1698 5042 inie-

920 5097 990 5153 runt,
1005 5095 1067 5144 lacta
1083 5109 1109 5143 rc
1123 5094 1219 5153 divina,
1241 5095 1265 5142 in
1286 5091 1339 5139 brec
1352 5091 1410 5140 druto
1425 5092 1451 5139 ct
1474 5090 1574 5150 accepto
1597 5087 1659 5138 inter
1671 5101 1698 5136 se

918 5185 1080 5248 jurejurando
1093 5186 1281 5249 conspirarunt:
1304 5183 1358 5244 rati,
1371 5183 1404 5232 sic
1425 5179 1531 5231 nranime
1545 5179 1696 5230 tribunitiam

1544 5261 1582 5305 ab.
