3772 5828
180 314 242 379 θθθ

181 442 300 527 χρόνων,
315 441 362 501 καί
377 439 411 499 τθι
422 442 534 499 πλεῖστα
552 440 605 497 τῶν
619 437 792 517 ἐγκλημάτων
806 437 885 504 αὐτὸς
899 434 962 506 ῖσως

182 533 228 592 καί
244 530 350 595 δικαίως
366 529 497 609 διέκρινε,
513 529 545 586 δι’
557 526 619 598 ὅλης
642 526 743 606 ἡμέρας
757 525 802 584 (πὶ
814 529 860 584 ,οη
873 523 961 603 puem-

702 304 872 367 blomlsll
893 306 1275 371 Halicana'assallsls

1016 461 1048 498 ex
1067 462 1141 514 aequo
1153 453 1179 499 el
1198 448 1262 500 bono
1275 449 1437 514 dijudicabat,
1452 455 1590 515 pertulum
1609 454 1679 510 diem
1696 472 1749 524 pro
1763 460 1814 511 tri·

1017 535 1102 586 bunali
1124 536 1225 599 sedens,
1246 537 1429 603 omnibusque,
1448 539 1492 601 qui
1511 539 1544 590 ad
1569 541 1771 607 disceptandum
1786 548 1816 599 in

183 644 226 688 τος
251 618 439 696 καθεζόμενος,
461 614 618 693 εὐπρόσοδόν
642 613 731 672 τεκαὶ
752 622 835 694 πρᾷον
856 613 903 672 καὶ
919 636 962 693 pr·
1015 623 1213 686 immutabunt,
1238 637 1265 674 se
1280 624 1378 675 facilem
1391 628 1417 676 et
1437 625 1518 677 lenem
1532 631 1558 678 et
1576 626 1724 685 humanum
1747 648 1815 700 pm-

184 711 336 788 λάνθρωπον
353 714 406 772 τοῖς
430 702 474 764 ίπί
492 705 541 776 τὴν
566 702 741 762 δικαιοδοσίαν
765 699 963 783 ἀφικνουμένοις

144 829 159 866 ς
186 798 277 858 ἑαυτὸν
301 802 430 875 παρεῖχε,
451 791 497 852 καί
520 792 718 871 παρεσκεύασεν
742 789 963 870 ἀριστοκρατικὴν

185 886 267 954 οὕτως
281 890 396 964 φανῆναι
410 882 458 953 τὴν
476 881 630 955 πολιτείαν,
647 881 717 940 ὥστε
731 881 800 957 μήτε
817 879 963 959 δημάρχων

186 978 310 1046 δεηθῆναι
322 970 379 1037 τοὺς
394 970 438 1030 διὰ
459 970 550 1029 πενίαν
569 968 587 1039 i,
603 969 754 1048 δυσγένειαν
770 967 787 1039 ἢ
805 968 889 1036 ἀλλην
905 964 964 1026 τινδι

184 1063 362 1134 ταπεινότητα
402 1060 452 1119 ὑπὸ
468 1063 520 1118 τῶν
548 1058 703 1139 κρειττόνων
727 1056 964 1136 κατισχυομένους,

187 1152 256 1231 μήτε
271 1156 363 1223 καινῆς
376 1148 531 1226 νομοθεσίας
550 1147 628 1206 πόθον
651 1146 720 1228 ἔχειν
734 1145 773 1206 ῖτι
787 1145 846 1211 τοὺς
862 1148 888 1203 έν
905 1147 965 1217 ἰση-

134 1259 160 1301 le
186 1242 263 1322 γορία1
278 1238 461 1301 πολιτεύεσθαι
475 1235 666 1317 βουλομένους,
679 1236 737 1295 ἀλλ’
751 1239 859 1315 ἀγαπᾶν
875 1259 904 1295 τε
919 1236 964 1295 καὶ

185 1332 289 1411 χαίρειν
306 1329 423 1395 ἅπαντας
443 1327 486 1387 ἀπὶ
501 1331 534 1406 τῇ
550 1325 608 1385 τότε
630 1326 804 1406 κατασρσύση
822 1324 870 1396 τὴν
887 1323 965 1383 πόλιν

187 1418 305 1499 εὐνομία.
350 1420 376 1478 T
377 1415 447 1476 αὑτά
459 1438 488 1473 τε
504 1414 535 1485 δὴ
550 1411 584 1472 τδι
599 1413 663 1494 ἔργα
678 1419 724 1473 τοῦ
736 1412 828 1495 ἀνδρὸς
843 1416 966 1493 ίπῃνεῖτο

187 1506 240 1566 ὑπὸ
252 1513 299 1565 τοῦ
315 1504 418 1582 δήμου,
434 1500 479 1561 καί
493 1501 548 1560 ἐπεῖ
563 1503 607 1560 τὸν
630 1499 775 1581 ὡρισμένον
798 1501 900 1560 ἐτέλεσε
918 1505 964 1572 τῆς

188 1597 272 1673 ἀρχῆς
293 1594 405 1673 χρόνον,
421 1591 451 1650 τὸ
475 1592 513 1666 μὴ
535 1588 658 1657 δέξασθαι
679 1587 726 1660 τήν
751 1589 878 1647 ὑπατείαν
897 1590 965 1648 διδο·

137 1702 161 1741 ιι
189 1682 270 1757 μένην
284 1682 314 1741 τὸ
329 1683 467 1759 δεύτερον,
487 1678 550 1756 μηδ’
566 1680 703 1756 ἀγαπῆσαι
717 1678 878 1749 τηλικαύτην
892 1677 963 1753 λαμ·

190 1767 305 1829 όάνοντα
317 1767 411 1846 τιμήν.
437 1766 551 1844 Κατεῖχε
568 1764 620 1843 γὰρ
632 1763 708 1823 αὐτὸν
724 1762 768 1824 ἐπί
780 1768 827 1834 τῆς
838 1768 966 1835 ὑπατικῆς

189 1857 305 1928 ίξουσίας
320 1863 338 1930 ἡ
361 1857 443 1937 βουλὴ
456 1851 557 1920 πολλδις
571 1851 756 1932 προσφέρουσα
770 1851 888 1924 δεήσεις,
909 1852 965 1912 ίπεί

189 1949 220 2006 τδ
235 1945 321 2027 τρίτον
336 1949 361 2005 οῖ
374 1944 509 2024 δήμαρχοι
527 1941 700 2020 διεπράξαντο
713 1941 750 2017 μὴ
762 1940 904 2001 ἀποθέσθαι
918 1938 965 2010 τὴν

190 2036 293 2115 ἀρχήν,
309 2037 344 2102 ὡς
359 2030 579 2107 ἐναντιωσόμενον
595 2029 681 2095 αὑτοῖς
699 2028 744 2087 καὶ
758 2027 894 2088 παύσουσα
911 2029 964 2085 τῶν

138 2145 166 2188 ao
190 2126 288 2181 καινῶν
308 2120 527 2197 πολιτευμάτων,
552 2116 588 2176 τὰ
604 2116 652 2193 μθν
668 2118 752 2188 αἰδοῖ,
766 2114 801 2175 τδι
820 2118 848 2177 δί
871 2114 965 2196 φόόῳ,

190 2211 235 2269 τδν
249 2211 276 2268 δὲ
291 2211 374 2285 δῆμον
389 2213 478 2289 δρῶσα
490 2208 537 2266 οὐκ
552 2206 721 2282 ἀναινόμενον
736 2207 783 2265 ὑπ’
798 2203 889 2285 ἀνδρὸς
904 2206 967 2282 ἀγα·

190 2303 236 2357 θοῦ
251 2298 391 2376 ἄρχεσθαι.
443 2295 478 2356 ‘0
493 2295 520 2354 δὲ
542 2293 601 2353 ούτε
617 2296 670 2352 τῶν
686 2292 838 2374 δημάρχωνΙ
852 2294 966 2351 ἐπαινεῖν

191 2387 241 2464 ῖφη
257 2387 288 2445 τ“ο
310 2384 522 2466 ἀπαραχώρητοι
538 2386 585 2454 τῆς
607 2383 742 2462 ἐξουσίας,
761 2381 825 2442 οὔτε,
842 2381 919 2450 αὐτὸς
931 2385 968 2448 ele

191 2472 285 2550 ὑμοίαν
301 2471 407 2536 ἐκείνοις
427 2472 497 2544 ἥξειν
515 2470 654 2540 διαόολήν.
698 2469 861 2550 Συναγαγὼν
878 2467 905 2528 dl
922 2469 967 2528 τδν

139 2573 166 2613 2⁸
192 2564 276 2640 δῆμον
289 2564 324 2629 είς
337 2561 490 2636 ἐκκλησίαν,
505 2559 550 2619 καί
565 2558 666 2631 πολλὴν
681 2560 842 2641 κατηγορίαν
856 2562 908 2618 τῶν
921 2559 968 2617 οὐκ

191 2650 385 2727 ἀποτιθεμένων
408 2648 455 2718 τὰς
472 2650 556 2728 ἀρχὰς
572 2648 737 2726 διαθέμενος,
755 2648 846 2729 ὅρκους
859 2672 888 2707 τε
911 2647 969 2706 διο-

192 2738 340 2816 μοσάμενος
353 2738 475 2818 ἰσχυροὺς
489 2738 549 2817 περὶ
563 2741 607 2796 τοῦ
626 2736 664 2815 μὴ
678 2737 807 2818 λήψεσθαι
822 2738 903 2795 πάλιν
921 2735 968 2806 τήν

192 2827 321 2887 ὑπατείαν
336 2828 397 2908 πρὶν
415 2827 559 2886 ἀποθέσθαι
575 2824 622 2896 τήν
642 2828 771 2906 προτέραν
785 2825 870 2908 ἀρχήν
901 2848 967 2906 προ·

193 2925 264 2977 εἶπεν
276 2915 451 2997 ἀρχαιρεσίων
468 2914 580 2996 ἡμέραν·
592 2916 618 2972 έν
629 2905 647 2993 ᾗ
659 2913 827 2984 καταστήσας
842 2912 968 2989 ὑπάτους,

139 3023 168 3064 au
194 3007 275 3085 ἀπῄει
297 3006 376 3061 πάλιν
398 3004 434 3066 εἷς
447 3002 477 3058 τὸ
493 3001 586 3078 μικρὸν
602 3003 685 3058 ἐκεῖνο
709 2997 834 3058 καλύόιον
858 2997 903 3056 καί
924 2996 968 3055 τὸν

193 3091 334 3171 αὐτουργὸν
350 3090 394 3161 ἔζη
409 3088 475 3169 βίον,
488 3092 523 3155 ὡς
538 3089 673 3169 πρότερον.

235 3182 302 3242 ΧΧ.
335 3175 443 3240 Κοίντου
468 3177 496 3237 δέ
521 3178 628 3238 ‹laabin›
655 3177 818 3236 Ούῖόολανοὺ
839 3177 969 3253 παρειλη-

194 3270 270 3350 φότος
289 3270 335 3340 τήν
360 3267 487 3327 ὑπατείαν
503 3267 533 3326 τὸ
554 3267 640 3346 τρίτον
660 3265 704 3325 καὶ
724 3264 838 3325 Λευκίου
862 3267 970 3343 Κορνη-

193 3359 263 3432 λίου,
275 3359 320 3417 καὶ
330 3357 472 3418 τελούντων
484 3356 609 3434 πατρίους
618 3358 732 3431 ἀγῶνας,
747 3355 866 3414 Αἰκανῶν
880 3354 970 3429 ἄνδρες

141 3452 168 3487 θ’)
195 3449 328 3506 ἐπίλεκτοι
350 3448 448 3518 πλῆθος
461 3448 529 3524 ἀμφὶ
553 3444 611 3511 τούς
633 3443 824 3522 ἑξακισχιλίους
847 3444 970 3520 ὁπλισμῷ

193 3559 221 3594 τε
238 3537 341 3616 εὐζώνῳ
364 3537 567 3610 συνεσταλμένοι
589 3534 635 3592 καί
658 3537 684 3591 έν
697 3534 770 3590 νυκτί
795 3535 970 3608 ποιησάμενοι

194 3625 243 3696 τήν
255 3624 357 3697 ἔξοδον,
375 3625 483 3692 σκότους
502 3624 539 3682 ἔτι
553 3623 626 3690 ὄντος
641 3621 684 3680 ἐπὶ
703 3621 778 3680 πόλιν
802 3625 969 3702 ἀφικνοῦνται

193 3715 370 3789 Τυσκλάνων,
394 3713 485 3784 ήέστι
507 3713 554 3790 μὲν
575 3717 622 3770 τοῦ
645 3711 766 3770 Λατίνων
788 3712 885 3783 ἔθνους,
905 3711 970 3790 ἀρέ-

194 3824 275 3874 στηκε
291 3802 318 3860 δὲ
333 3807 378 3873 τῆς
395 3802 504 3877 Ῥώμης
527 3801 575 3860 οὐκ
598 3800 706 3858 ἔλαττον
729 3800 841 3859 σταδίων
865 3800 968 3859 ἑκατόν.

136 3903 164 3941 ⁴⁰
195 3891 323 3968 Εύρόντες
335 3890 378 3958 δὲ,
394 3896 429 3956 όνς
441 3893 467 3949 έν
485 3889 593 3969 εἰρήνῃ,
610 3888 695 3954 πύλας
716 3892 740 3944 τ’
754 3889 905 3954 ἀκλείστους
925 3888 970 3947 καί

191 3981 277 4054 τεῖχος
292 3977 452 4055 ἀρύλσκτον,
471 3983 574 4057 αἱροῦσι
586 3975 633 4046 τὴν
648 3975 723 4036 πόλιν
739 3977 764 4045 ἐξ
785 3977 888 4056 ἐφόδου,
904 4002 970 4052 μνη-

191 4069 358 4127 σικακοῦντες
373 4075 426 4130 τοῖς
441 4064 621 4137 Ἰ“υσκλάνοις,
631 4063 671 4123 ότι
690 4069 721 4143 τῇ
737 4064 882 4140 Ῥωμαίων
895 4063 969 4122 πολει

191 4149 263 4207 τότε
279 4153 345 4209 ἀλλα
359 4152 425 4225 μετὰ
438 4155 584 4231 προθυμίας
599 4154 813 4232 συμπράττοντες
826 4151 966 4222 διετέλουν,

192 4239 237 4297 καί
250 4242 277 4297 έν
289 4244 320 4316 τῇ
332 4241 470 4320 πολιορκία
485 4250 529 4301 τοῦ
547 4242 718 4303 Καπιτωλίου
733 4244 806 4316 μόνον
822 4240 967 4321 συνήραντο

137 4347 163 4385 ιο
192 4331 238 4385 τοῦ
256 4327 383 4398 πολέμου.
424 4329 476 4388 Καὶ
492 4331 586 4406 ἀνδρας
603 4330 650 4405 μὲν
665 4320 708 4388 οάν
723 4331 752 4389 οὐ
772 4330 884 4398 πολλούς
899 4356 969 4399 τινας

196 4412 221 4463 ε“ν
246 4432 277 4483 τη
303 4409 452 4488 καταλήψει
481 4415 642 4494 ereptorem,
661 4417 719 4472 ἀλλ’
734 4416 848 4493 έρθασαν
863 4423 914 4493 ήδη
931 4433 975 4484 αὐ-

194 4496 252 4561 τοὺς
268 4499 317 4554 ὑπὸ
334 4495 382 4567 τήν
398 4497 494 4557 ἅλωσιν
509 4506 555 4573 τῆς
573 4503 673 4570 πόλεως
693 4504 827 4578 ὠσάμενοι
842 4508 875 4565 δι’
888 4511 974 4570 ἀλλων

194 4588 283 4642 πυλῶν
305 4587 327 4641 el
352 4584 434 4663 ἔνδον,
457 4590 538 4665 χωρὶς
562 4591 649 4660 ”adcor
672 4592 721 4649 ὑπὸ
748 4594 830 4651 νόσων
852 4595 869 4663 ἀ,
891 4600 973 4671 γήριιιι

190 4677 279 4757 φυγεῖν
302 4677 425 4737 ἀδύνατοι
450 4670 535 4750 ἦσαν·
558 4680 653 4758 γύναια
680 4682 707 4742 δὲ
735 4684 781 4743 καί
803 4683 895 4743 παιδία
922 4684 967 4743 καί

135 4789 165 4826 ου
192 4767 349 4843 θεράποντας
362 4768 448 4826 αὐτῶν
466 4769 708 4846 ἠνδραποδίσαντο,
727 4772 772 4831 καί
792 4772 825 4830 τδι
840 4772 968 4851 χρήματα

192 4854 352 4931 διήρπασαν.
371 4855 421 4922 Ὡς
437 4854 462 4914 δὲ
479 4856 632 4933 ἀπηγγέλθη
645 4860 674 4917 τὸ
689 4862 769 4919 δεινὸν
785 4864 821 4927 εἰς
836 4864 883 4932 τήν
899 4859 968 4920 Ῥώ-

1018 710 1097 762 bens:
1122 712 1234 775 adeoque
1252 712 1409 777 plausibilem
1431 715 1577 779 optimatum
1594 721 1738 783 potentiam
1752 726 1813 777 red·

1018 799 1090 861 didit,
1112 802 1141 850 ut
1166 814 1246 866 neque
1272 801 1428 852 tribmrorum
1460 803 1550 855 auxilio
1582 806 1743 873 indigerent,
1763 816 1813 878 qui

1019 891 1121 953 propter
1141 890 1327 953 paupertatem,
1354 893 1399 941 aut
1422 890 1603 955 ignobilitatem
1632 900 1736 962 generis
1764 907 1813 953 aut

1019 974 1127 1038 aliquam
1145 975 1219 1026 eliam
1241 976 1438 1028 bumilitatema
1458 980 1639 1043 potentioribus
1651 988 1705 1038 rim
1726 991 1810 1054 petie.

1019 1061 1118 1125 bantur,
1135 1075 1179 1112 nec
1191 1076 1268 1114 novas
1279 1063 1385 1128 amplius
1396 1063 1462 1130 leges
1474 1066 1658 1133 desiderarent,
1676 1076 1723 1139 qui
1741 1079 1812 1142 juris

1020 1151 1185 1214 aequabilitate
1205 1151 1228 1201 in
1248 1150 1374 1215 republica
1396 1152 1559 1219 truebmtm3
1585 1159 1632 1211 sed
1655 1175 1748 1216 omnes
1765 1166 1811 1218 illa

1017 1239 1081 1304 luris
1095 1238 1225 1302 legumque
1236 1238 1413 1304 mquabilitate,
1429 1247 1557 1306 quaetune
1578 1248 1604 1298 in
1616 1249 1723 1303 civitate
1733 1259 1810 1315 eret,

1021 1329 1131 1380 conteuti
1148 1332 1231 1379 essent
1254 1333 1286 1389 ,et
1307 1330 1451 1393 gauderent.
1485 1335 1547 1386 llaec
1566 1337 1643 1422 igilur
1666 1341 1738 1393 illins
1758 1345 1810 1395 viri

1021 1420 1101 1467 actea
1114 1417 1205 1480 populo
1230 1417 1410 1481 laudabantur3
1426 1423 1539 1487 etquod,
1558 1431 1648 1478 exacto
1661 1433 1808 1494 praestituto

1020 1504 1181 1569 magistratus
1191 1508 1311 1571 tempore,
1333 1509 1491 1560 consulatum
1511 1511 1603 1564 iterum
1622 1517 1672 1567 sibi
1690 1520 1809 1573 oblatum

1020 1596 1132 1659 accipere
1156 1595 1290 1656 noluisset,
1312 1611 1357 1648 nec
1379 1600 1478 1651 tantum
1497 1600 1616 1656 bonorem
1630 1606 1678 1657 sibl
1694 1609 1807 1664 delatum

1021 1685 1095 1735 lectus
1108 1684 1236 1748 amplexus
1264 1685 1360 1736 luisset.
1394 1690 1514 1740 Senatum
1533 1692 1600 1742 enim
1623 1707 1683 1745 eum
1708 1698 1734 1749 in
1747 1714 1808 1751 oon·

1022 1772 1100 1823 sulari
1114 1775 1253 1836 potestate,
1270 1773 1360 1824 multas
1381 1789 1469 1839 preces
1488 1777 1625 1845 adhibens,
1639 1785 1749 1838 retinere
1762 1803 1807 1839 oo·

1022 1860 1129 1910 uebatur
1148 1860 1190 1922 ut,
1203 1859 1320 1923 quoniam
1343 1862 1435 1913 tribuni
1457 1864 1619 1930 impetrarant
1631 1872 1669 1921 uti
1681 1872 1730 1924 sibi
1754 1890 1808 1927 ma-

1022 1947 1140 2011 gistratus
1170 1946 1270 1996 tertium
1299 1946 1470 2011 nrandarelur,
1501 1959 1568 2006 esset
1599 1959 1642 2020 qui
1667 1959 1718 2011 illis
1751 1977 1809 2015 sese

1023 2039 1170 2101 opponeret,
1183 2049 1302 2099 eosquea
1328 2039 1400 2088 novis
1415 2038 1511 2105 legibue
1533 2044 1640 2097 terendis
1658 2051 1750 2112 partim
1765 2068 1807 2105 re·

1023 2124 1146 2184 verentia,
1175 2126 1264 2188 purtim
1284 2130 1354 2179 metu
1382 2128 1535 2194 deterreret,
1558 2136 1692 2197 praesertim
1720 2154 1801 2204 quum

1023 2213 1120 2264 rideret
1143 2215 1262 2278 populum
1286 2216 1343 2267 boni
1375 2218 1423 2268 riri
1444 2219 1571 2288 imperium
1592 2236 1641 2273 uon
1669 2239 1799 2283 recusam.

1023 2302 1071 2353 Sed
1095 2303 1138 2354 ille
1167 2305 1303 2371 respondit,
1333 2321 1361 2358 se
1385 2323 1466 2374 neque
1489 2308 1642 2363 inhonorum
1662 2318 1801 2371 eorundem

1024 2392 1193 2443 continuatam
1207 2398 1356 2458 potestatem
1379 2397 1502 2461 pmbare,
1525 2411 1571 2451 ιισσ
1588 2399 1753 2457 admissurum
1772 2412 1804 2461 ut

1024 2477 1049 2527 in
1077 2478 1186 2530 similem
1223 2481 1437 2545 reprehensionem
1463 2485 1517 2549 ipse
1548 2486 1676 2541 incideret.
1708 2495 1806 2558 Populo

1024 2572 1108 2618 aulem
1123 2569 1155 2619 ed
1179 2570 1322 2622 concionem
1346 2577 1493 2636 convocato,
1507 2577 1533 2627 et
1545 2575 1617 2643 lenge
1638 2580 1752 2633 oratione
1769 2585 1805 2636 in·

1023 2662 1112 2708 reclus
1131 2658 1156 2708 in
1181 2673 1234 2720 cos,
1246 2661 1288 2724 qul
1312 2661 1473 2726 magistratus
1494 2678 1543 2715 uon
1561 2666 1727 2732 deponebant.
1738 2675 1807 2737 gravi

1023 2743 1182 2810 jurejurando
1203 2746 1310 2810 iurarit,
1336 2762 1363 2797 se
1389 2762 1438 2799 nou
1461 2755 1624 2815 accepturum
1647 2755 1735 2807 iterum
1749 2773 1808 2809 eou-

1024 2838 1149 2897 sulatum‚
1174 2839 1306 2901 antequem
1325 2835 1432 2899 priorem
1453 2835 1603 2902 deponeret,
1619 2843 1742 2910 simulque
1763 2860 1805 2898 οο-

1024 2933 1150 2983 miliorum
1164 2931 1230 2981 diem
1253 2929 1361 2994 indixit,
1376 2946 1426 2997 quo
1449 2931 1588 2999 designatis
1607 2939 1765 3003 consulibus,
1778 2943 1804 2994 in

1024 3036 1098 3070 suum
1113 3020 1174 3071 illud
1189 3021 1306 3085 exiguum
1327 3022 1476 3084 tuguriolum
1490 3022 1578 3085 rediit,
1588 3025 1731 3092 victumque
1746 3043 1808 3095 pru·

1024 3106 1085 3172 priis
1096 3105 1210 3156 manibus
1224 3121 1338 3169 quaerens·
1353 3111 1379 3158 ut
1389 3111 1456 3167 ante,
1468 3109 1539 3159 riull.

1057 3216 1108 3264 llll.
1125 3216 1155 3271 Q.
1166 3213 1242 3263 Fabio
1252 3215 1373 3264 Vibulano
1384 3227 1421 3264 m.
1433 3218 1458 3264 el
1473 3219 1501 3266 b.
1523 3218 1639 3269 Cornelio
1648 3223 1808 3281 consulibus.

1025 3314 1084 3365 dum
1108 3315 1181 3364 ludos
1193 3315 1285 3377 patrios
1299 3314 1431 3371 celebrant,
1443 3314 1518 3378 aliqui
1532 3328 1590 3365 eum
1603 3320 1720 3384 expedita
1734 3338 1808 3375 manu

1026 3415 1146 3465 lectorum
1170 3415 1314 3476 bominum,
1327 3417 1452 3479 quierant
1464 3416 1564 3465 cire-ileu
1576 3431 1621 3467 sex
1631 3421 1710 3472 millia
1722 3424 1810 3476 leriler

1028 3514 1126 3577 ermuli,
1141 3528 1172 3563 ex
1186 3513 1239 3563 suis
1253 3513 1343 3563 finibus
1360 3519 1435 3564 noctu
1450 3515 1555 3578 egressi,
1579 3523 1706 3584 noctuque
1721 3522 1810 3577 itinere

1027 3619 1149 3679 conlecto,
1172 3619 1305 3670 Tusculum
1333 3622 1516 3682 peruenerunt,
1544 3619 1611 3681 quod
1632 3621 1755 3684 oppidum
1771 3633 1810 3675 est

1025 3722 1107 3772 Latini
1120 3723 1241 3784 nominis,
1258 3726 1282 3772 et
1291 3722 1323 3771 ab
1344 3721 1406 3771 urbe
1419 3725 1518 3772 eentum
1531 3721 1608 3771 tenue
1633 3724 1716 3774 stadia
1728 3727 1809 3778 abest.

1025 3822 1095 3873 liaeti
1115 3829 1199 3873 aulem
1222 3823 1271 3887 (ut
1299 3822 1365 3887 pacis
1388 3822 1511 3886 tempore)
1539 3824 1625 3885 pertas
1647 3825 1769 3886 putentes,
1784 3831 1810 3876 el

1025 3926 1115 3975 moenia
1126 3926 1287 3989 irrcuslodila,
1302 3926 1384 3990 primo
1404 3925 1498 3988 impetu
1520 3923 1608 3975 urbem
1623 3931 1762 3989 ceperunt,
1776 3929 1811 3979 in·

1024 4029 1085 4078 lensi
1111 4029 1275 4087 Tusculanis,
1300 4029 1366 4094 quod
1392 4028 1483 4092 populo
1507 4030 1616 4077 Romano
1644 4041 1725 4091 quum
1749 4029 1810 4080 alias

1025 4134 1144 4191 perpetuo
1166 4131 1284 4193 egregiam
1306 4144 1406 4193 operam
1428 4133 1577 4189 necassent,
1593 4130 1648 4180 ium
1668 4142 1727 4178 vero
1739 4143 1808 4193 pra·-

1024 4231 1105 4295 cipue,
1117 4234 1183 4296 quod
1197 4234 1221 4283 iu
1233 4233 1345 4296 Capitolii
1370 4232 1498 4283 obsidione
1510 4231 1556 4281 soli
1573 4245 1600 4281 se
1619 4230 1652 4281 ad
1671 4230 1736 4280 illius
1747 4229 1807 4280 belli

1025 4335 1167 4386 soe-lelalem
1179 4336 1340 4393 addidissent.
1367 4336 1510 4399 multosque
1524 4334 1642 4383 mortales
1659 4334 1728 4394 capu
1741 4330 1808 4382 urbe

1024 4436 1210 4498 interieceraol3
1237 4437 1279 4487 sed
1304 4437 1433 4501 oppidani,
1459 4436 1518 4484 dum
1531 4435 1592 4483 urbs
1609 4436 1745 4497 caperetur,
1762 4446 1808 4482 eos

1024 4545 1224 4602 anleverlerunl,
1248 4546 1274 4591 et
1289 4556 1331 4605 per
1353 4546 1437 4605 portas
1456 4539 1516 4588 alias
1537 4539 1688 4600 eruperunt;
1716 4538 1810 4599 praeter

1024 4653 1080 4697 eos,
1094 4639 1139 4702 qul
1162 4655 1206 4703 per
1227 4642 1359 4699 morbum,
1381 4641 1419 4689 rel
1439 4642 1601 4696 seneclulem,
1626 4635 1735 4698 elingere
1758 4649 1807 4684 nun

1024 4742 1166 4804 potuerunt.
1201 4743 1317 4790 Mulieres
1343 4756 1401 4791 vero
1419 4754 1505 4790 eorum
1523 4744 1545 4789 el
1575 4752 1666 4801 pueros
1679 4740 1705 4786 et
1721 4751 1808 4786 seruos

1024 4841 1048 4889 in
1059 4841 1203 4891 servitutem
1211 4842 1394 4900 abslraxerunl,
1403 4840 1570 4904 pecuniasque
1581 4837 1746 4901 diripuerunt.
1760 4839 1807 4885 cu·

185 4965 243 5015 W
259 4944 288 4997 ἐκ
312 4946 364 5000 75„
388 4944 565 5023 3„,?.,.(0‘„„,·,
591 4948 621 5003 ἐ,
645 4951 692 5018 ,ἧς
716 4948 863 5017 ἇγώσωκ,
881 4951 904 5007 ,ρ
921 4950 967 5025 μὲ,
1022 4941 1062 5002 jus
1073 4939 1345 4990 cladisnunciolloman
1358 4941 1431 4991 allato
1445 4940 1477 4989 ub
1492 4939 1548 4999 illis,
1563 4938 1605 5001 qui
1616 4952 1647 4986 ex
1659 4937 1720 4985 urbe
1733 4940 1808 4998 capta

185 5026 284 5085 ὕπατοι
307 5032 408 5107 βοηθεῖν
432 5032 512 5112 ᾤοντο
533 5034 586 5090 δεῖν
602 5037 656 5099 τοῖς
680 5035 777 5114 ρυγάσι
802 5036 871 5093 κατὰ
887 5037 967 5116 τάχος
1024 5041 1160 5096 evaserant,
1182 5040 1295 5089 consules
1315 5039 1425 5102 prologis
1440 5053 1511 5102 opem
1532 5037 1647 5086 celeriter
1661 5033 1808 5093 ferendam,

184 5115 234 5173 καὶ
248 5115 294 5187 τήν
310 5117 386 5174 πόλιν
402 5122 488 5186 αὐτοῖς
507 5122 677 5195 ἀποδιδόναι,
695 5122 874 5199 ἀντέπραττον
895 5125 921 5182 δὲ
942 5128 965 5184 el
1022 5134 1178 5198 patriumque
1202 5135 1378 5186 restituendum
1396 5135 1528 5186 censebant
1544 5153 1550 5183 ε
1564 5133 1608 5184 sed
1621 5132 1711 5184 tribuni
1729 5131 1811 5184 inter·
