3772 5828
185 363 225 423 ea
616 338 620 343 '
703 357 867 418 oronrsn
889 357 1265 421 nnnrcanrassnnsrs

183 515 256 552 νετιιι
276 495 313 568 τῷ
337 488 465 566 Νεμέτορι
497 493 542 558 τῆς
565 487 685 565 Ἀμολίου
710 490 825 568 γνώμης.
869 489 903 551 ‘0
924 491 951 549 δέ

185 591 239 647 τοῖς
254 577 332 636 παισὶ
345 574 465 645 δηλώσας
478 575 522 632 τὸν
542 575 717 655 κατειληφότα
732 578 846 635 κίνδυνον
862 577 954 644 αύτούς

185 667 230 726 καί
246 662 509 743 παρακελευσάμενος
526 663 621 742 άνδρας
636 664 746 740 ἀγαθοὺς
766 664 884 743 γενέσθαι
903 688 954 722 πα-

187 761 248 832 ρῆν,
271 752 340 829 ἄγων
356 751 535 827 ὡπλισμένους
550 753 593 809 ε’πῖ
607 749 639 809 τδι
655 751 774 829 βασιλεια
796 758 847 812 τῶν
871 753 894 810 τ’
906 755 953 810 ἀλ·

144 868 158 906 ι
185 845 239 901 λων
253 841 383 909 πελατῶν,
398 837 443 895 καί
453 839 561 913 έτειίρων
572 838 618 896 καί
631 839 768 915 θεραπείας
777 844 872 911 πιστῆς
887 840 954 918 χεῖρ’

185 933 232 989 οὐκ
242 928 342 1004 ὀλίγην.
386 915 471 985 Ἧκον
494 927 581 985 δὲκαὶ
606 930 630 985 oi
644 930 674 985 ἀκ
690 932 741 987 τῶν
757 931 843 1006 ἀγρῶν
864 930 953 986 συνελ-

188 1019 273 1084 θόντες
286 1019 322 1081 εἰς
339 1015 386 1086 τὴν
401 1015 477 1072 πολιν
499 1014 648 1081 ἐκλιπόντες
662 1016 710 1085 τὴν
732 1016 839 1096 άγορθν,
853 1018 955 1095 ἔχοντες

185 1106 299 1170 ύπδταῖς
309 1102 459 1182 πιριόολαῖς
475 1101 598 1184 [ἑαυτῶν]
616 1102 675 1181 ξίφη
691 1104 878 1183 κεκρυμμένα,
895 1115 953 1164 στῖ-

187 1216 233 1272 φος
263 1191 401 1269 καρτερόν.
444 1189 604 1265 Βιασάμενοι
631 1191 658 1250 δέ
681 1192 728 1263 τὴν
750 1192 848 1251 εἴσοδον
873 1193 955 1271 ἀθρόοι

132 1312 157 1350 to
186 1284 255 1359 ὁρμῇ
286 1279 381 1343 πάντες
408 1278 437 1335 οὐ
467 1279 573 1343 πολλοῖς
599 1279 717 1345 ὁπλίταις
742 1279 953 1361 φρουρουμένην,

187 1366 396 1446 ἀποσφάττουσιν
423 1366 535 1429 εθπετῶς
555 1363 692 1440 Ἀμόλιον,
716 1368 761 1424 καὶ
789 1368 856 1440 μετὰ
878 1371 955 1424 τοῦτο

184 1454 232 1525 τὴν
254 1455 337 1532 ἄκραν
356 1449 613 1526 καταλαμόάνονται.
653 1456 745 1513 Ταῦτα
769 1455 816 1530 μέν
829 1445 873 1513 σύν
901 1461 955 1521 τοῖς

184 1542 245 1620 περὶ
262 1539 305 1597 τὸν
323 1537 427 1598 datdeus
451 1537 566 1620 εἴρηται.

223 1627 378 1688 LXXXIV.
398 1623 506 1704 Ἕτερον
525 1625 548 1683 δ’
575 1626 647 1685 οὐδέν
676 1632 727 1685 τῶν
744 1627 948 1706 μυθωδεστέρων

132 1747 157 1785 ts
185 1715 313 1785 ἀξιοῦντες
338 1718 455 1793 ἱστορικῇ
480 1719 569 1796 γραφῇ
592 1717 749 1796 προσήκειν,
763 1716 811 1786 τήν
837 1719 861 1774 τ’
888 1715 955 1774 ἀπύ-

185 1808 255 1861 θεσιν
289 1799 336 1872 τὴν
365 1803 416 1859 τῶν
443 1805 562 1882 βρεφῶν,
590 1804 639 1881 οὐχ
668 1806 703 1868 ὡς
731 1802 869 1873 ἐκελεύσθη
897 1811 949 1868 τοῖς

184 1888 325 1970 ὑπηρέταις
345 1887 503 1966 γενομένην,
519 1889 644 1948 ἀπίθανον
663 1881 729 1948 ε’ίναί
751 1913 830 1972 ροισι,
846 1891 951 1961 καὶτῆς

184 1977 309 2047 λυκαίνης
326 1975 357 2034 τὸ
383 1975 505 2048 τιθασόν,
534 1976 629 2048 ἣτούς
653 1975 768 2053 μαστούς
790 1982 878 2055 ἐπεῖχε
900 1980 954 2045 τοῖς

184 2064 310 2134 παιδίοις,
334 2066 369 2129 ύις
387 2064 550 2143 δραματικῆς
574 2064 668 2138 μεστόν
684 2066 794 2129 ἀτοπίας
818 2063 955 2143 διασύρου-

132 2181 159 2219 20
185 2173 240 2211 σιν·
271 2149 542 2225 ἀντιδιαλλαττόμενοι
570 2150 597 2209 δὲ
624 2151 687 2229 πρδς
721 2157 805 2210 ταῦτα
830 2150 948 2228 λέγουσιν

186 2244 221 2307 ύις
245 2243 260 2298 θ
286 2238 427 2316 Νεμέτωρ,
455 2238 545 2309 ἐπειδὴ
569 2237 617 2308 τὴν
643 2240 766 2297 Σιλούιον
793 2239 859 2316 έγνω
876 2238 953 2297 κύον·

185 2352 244 2401 σαν,
260 2326 335 2404 ἕτερα
354 2324 620 2401 παρασκευασάμενος
645 2326 738 2382 παιδία
767 2325 858 2402 νεογνδι
880 2326 955 2394 διηλ-

184 2412 281 2479 λάξατο
306 2409 433 2481 τεκούσης
460 2413 540 2480 αὐτῆς
561 2410 595 2467 τά
615 2411 712 2489 βρέφη·
734 2409 778 2468 καὶ
799 2412 833 2468 τὰ
855 2411 902 2487 μὲν
923 2413 953 2469 ό·

190 2501 260 2558 θνεῖα
276 2498 371 2557 δέδωκε
384 2505 437 2564 τοῖς
450 2500 606 2578 φυλάττουσι
627 2500 672 2564 τδς
686 2499 778 2564 ὠδῖνας
794 2500 947 2578 ἀποφέρειν,

134 2612 159 2651 οι,
187 2587 238 2644 εἴτε
249 2584 291 2644 διδ
302 2585 450 2664 χρημάτων
462 2585 491 2643 τό
506 2585 598 2644 πιστὸν
608 2590 655 2656 τῆς
668 2588 759 2664 χρείας
773 2588 859 2643 αὐτῶν
876 2587 954 2664 πριά·

189 2699 275 2753 μενος,
287 2676 338 2734 είτε
350 2675 392 2733 διὰ
404 2677 533 2752 γυναικῶν
552 2674 600 2745 τὴν
619 2675 774 2752 ὑπαλλαγὴν
795 2675 955 2755 μηχανησά-

189 2783 280 2837 μενος,
305 2761 350 2820 καὶ
371 2759 437 2818 αύτδι
458 2760 546 2819 λαθὼν
560 2761 677 2836 Ἀμόλιος
702 2762 755 2841 ύτιμ
778 2763 810 2832 δή
825 2785 875 2819 τινι
898 2763 957 2841 τρό-

188 2875 232 2930 πῳ
252 2853 363 2927 ἀναιρεῖ.
408 2848 450 2908 T&
461 2850 484 2906 δ’
502 2851 531 2907 έκ
544 2853 589 2919 τῆς
602 2849 725 2914 Σιλουίας
749 2849 887 2925 γινόμενα,
897 2850 957 2925 περὶ

187 2938 284 3005 παντὸς
304 2937 457 3011 ποιούμενος
478 2939 491 2992 ὁ
513 2937 690 3015 μητροπάτωρ
706 2937 892 3009 διασώζεσθαι,
916 2937 955 2995 δί·

189 3025 253 3082 δωσι
283 3027 320 3101 τῷ
346 3023 503 3100 Φαιστύλῳ.
546 3022 600 3080 Τὸν
634 3020 661 3079 δὲ
691 3024 842 3082 Φαιστύλον
867 3027 956 3080 τοῦτον

187 3111 301 3190 Ἀρκάδα
322 3109 369 3186 μέν
393 3099 459 3165 εἶναί
478 3130 541 3188 φασι
560 3107 590 3166 τὸ
610 3109 681 3185 γένος
697 3109 749 3167 ἀπὸ
763 3114 815 3168 τῶν
829 3108 875 3167 σὺν
896 3113 954 3170 Εὖ-

189 3201 288 3279 άνδριμ,
305 3205 436 3255 κατοικεῖν
456 3195 483 3253 δὲ
504 3197 564 3276 περὶ
578 3197 607 3255 τὸ
628 3199 792 3257 Παλλάντιον
806 3199 956 3275 ἐπιμελειαν

187 3287 281 3364 ἔχοντα
302 3289 354 3347 τῶν
374 3283 492 3360 Ἀμολίου
518 3284 671 3361 κτημάτων·
685 3285 845 3365 χαρίσασθαι
864 3289 891 3344 δέ
907 3289 957 3346 Νι·

188 3376 277 3457 μέτορι
295 3374 341 3444 τὴν
368 3373 497 3454 ἐκτροφὴν
523 3377 574 3431 τῶν
603 3374 721 3447 παίδοιν,
745 3375 848 3454 ἀδελφῷ
872 3374 957 3433 πειθό-

149 3488 160 3522 s
189 3488 265 3537 μενον
280 3466 362 3539 ὄνομα
379 3461 536 3541 Φαυστίνῳ,
551 3461 598 3527 τάς
613 3462 671 3540 περὶ
691 3462 733 3520 τὸν
748 3464 885 3520 Αὐεντῖνον
897 3484 957 3539 τρε-

190 3551 303 3628 φομένας
325 3555 369 3608 τοῦ
404 3549 550 3627 Νεμέτορος
567 3549 661 3625 ἀγελας
685 3548 894 3627 ἐπιτροπεύοντι·
908 3549 956 3620 τήν

187 3660 216 3694 τε
235 3637 445 3712 τιθηνησαμένην
467 3636 500 3694 τθι
525 3637 618 3695 παιδία
639 3637 684 3695 καὶ
706 3636 818 3709 μαστοὺς
834 3639 955 3717 irrequi-

189 3747 237 3781 σαν
259 3725 288 3780 οὐ
303 3725 425 3782 λύκαιναν
452 3715 517 3782 εἶναί
537 3747 624 3804 φασιν,
645 3725 703 3782 ἀλλ’
720 3724 811 3803 ὥσπερ
830 3726 898 3791 εἰκὸς
910 3748 955 3804 γυ·

189 3821 267 3871 ναῖκα
279 3816 318 3894 τῷ
332 3813 476 3893 Φαιστύλῳ
486 3818 667 3889 συνοικοῦσαν,
686 3813 847 3892 Λαυρεντίαν
862 3812 955 3887 ὄνομα,

190 3893 208 3975 ᾖ
231 3903 420 3980 δημοσιευούσῃ
438 3901 500 3960 ποτέ
518 3899 566 3971 τὴν
580 3907 626 3959 τοῦ
642 3901 761 3978 σώματος
778 3900 848 3979 ὥραν
860 3903 883 3958 οῖ
896 3899 956 3978 περί

190 3989 220 4046 τό
244 3990 411 4048 Παλλάντιον
437 3987 612 4066 διατρίόοντες
643 3989 780 4058 ἐπίκλησιν
802 3989 888 4046 ἔθεντο
910 3988 958 4057 τὴν

189 4080 330 4135 Λοῦππον·
355 4077 451 4135 ἔστιδὲ
477 4082 552 4136 τοῦτο
565 4075 721 4148 Ἑλληνικόν
739 4099 765 4134 τι
790 4076 834 4133 καὶ
848 4077 958 4153 ἀρχαῖον

191 4164 233 4222 ἐπὶ
254 4167 310 4229 ταῖς
325 4163 524 4241 μισθαρνούσαις
541 4164 575 4222 τό
600 4163 738 4244 ἀφροδίσια
762 4162 911 4238 τιθέμενον,
931 4162 959 4220 αί

189 4258 232 4309 νῦν
254 4253 446 4330 εὐπρεπεστέρα
469 4249 562 4320 κλήσει
584 4253 687 4329 ἑταῖραι
710 4251 957 4329 προσαγορεύονται.

192 4338 359 4414 Ἀγνοοῦντας
378 4337 404 4394 δέ
420 4361 492 4405 τινας
517 4337 581 4396 αὐτὸ
597 4339 700 4395 πλάσαι
714 4339 758 4395 τὸν
782 4336 842 4414 περὶ
856 4343 902 4407 τῆς
915 4340 960 4395 λυ·

189 4425 279 4497 καίνης
296 4430 393 4499 μῦθον,
412 4426 501 4497 ἐπειδὴ
518 4427 585 4484 κατὰ
601 4425 649 4496 τὴν
663 4429 788 4502 γλῶτταν,
806 4426 837 4497 ἣν
853 4426 883 4483 τό
903 4430 960 4484 Λα-

188 4514 263 4572 τίνων
287 4514 357 4578 ἔθνος
383 4511 535 4593 φθέγγεται,
561 4516 667 4573 λοῦππα
687 4515 806 4571 καλεῖται
831 4515 957 4573 ταῦτατὸ

190 4603 287 4682 θηρίον.
332 4600 429 4660 Ἡνίκα
443 4600 469 4658 δὲ
484 4606 530 4672 τῆς
544 4604 569 4659 ἐν
583 4605 621 4680 τῷ
635 4604 747 4678 γάλακτι
763 4606 858 4681 τροφῆς
873 4603 959 4672 ἀπηλ·

190 4691 259 4769 λάγη
279 4688 313 4748 τά
336 4688 446 4766 παιδία,
467 4691 571 4759 δοθῆναι
597 4690 660 4767 πρὸς
684 4694 734 4749 τῶν
757 4690 901 4768 τρεφόντων
925 4692 959 4755 είς

192 4780 319 4852 sabione,
345 4780 422 4837 πόλιν
448 4778 478 4836 οὗ
508 4777 612 4857 μακρὰν
636 4776 688 4837 ἀπὸ
716 4783 762 4835 τοῦ
790 4777 958 4838 Παλλαντίου

191 4866 327 4943 κειμένην,
357 4870 391 4932 ύνς
419 4865 539 4926 Ἑλλάδα
562 4865 684 4922 παιδείαν
708 4864 857 4940 ἐκμάθοιεν·
885 4866 960 4922 κάκεῖ

193 4957 255 5031 παρ’
281 4957 404 5033 ἀνδράσιν
427 4954 557 5022 ἰδιοξένοις
575 4959 620 5012 τοῦ
640 4954 793 5014 Φαιστύλου
818 4956 959 5032 τραφῆναι,

193 5040 337 5116 γράμματα
356 5045 400 5101 καὶ
413 5043 539 5120 μουσικὴν
564 5042 608 5100 καὶ
628 5046 721 5121 χρῆσιν
740 5042 826 5099 ύπλων
840 5039 961 5110 Έλληνι·

193 5132 245 5184 κῶν
270 5132 500 5207 ἐκδιδασκομένους
521 5132 613 5213 μέχρις
632 5131 708 5202 ἥύης.
753 5129 830 5190 Ἐπεὶ
853 5126 875 5184 δ’
898 5127 960 5208 ἀφί-

1007 502 1130 552 itnmltori
1149 503 1238 552 Amulii
1257 502 1386 552 consilium
1399 501 1496 552 indie-nt.
1530 503 1573 553 tlte
1593 516 1652 553 reru
1665 516 1722 552 cum
1743 505 1781 554 iu·

1007 609 1110 662 renibus
1121 612 1258 674 perieulum
1278 611 1421 675 impendens
1436 612 1599 674 declarasset,
1617 626 1707 677 eosque
1718 613 1777 662 bor-

1008 714 1074 763 tatus
1089 717 1156 764 esset
1176 718 1204 762 ιιι
1218 727 1244 763 se
1261 714 1359 764 sortiter
1371 718 1490 776 gererent,
1504 728 1560 765 cum
1580 714 1682 763 aliorum
1701 712 1775 763 clien-

1006 816 1059 864 turu
1074 819 1100 864 et
1109 814 1245 864 amicorum
1259 820 1410 865 armatorum
1428 819 1482 865 turn
1492 816 1564 866 etiarn
1583 815 1777 866 fidelissimorum

1006 917 1153 970 famulorum
1167 933 1215 968 non
1226 920 1315 984 exigna
1326 934 1399 970 mann
1412 921 1530 983 stipatus,
1545 919 1579 970 ad
1596 920 1687 984 regiam
1701 921 1776 970 uenit.

1006 1021 1097 1072 Aderat
1112 1023 1186 1071 etiarn
1206 1023 1357 1073 validissima
1373 1024 1504 1087 agrestium
1520 1038 1615 1084 manus,
1626 1024 1670 1086 qui
1693 1024 1718 1073 in
1737 1037 1779 1075 ur·

1007 1125 1063 1176 bem
1085 1130 1258 1194 convenerant,
1284 1128 1336 1178 toro
1354 1128 1459 1187 relicto,
1485 1127 1576 1189 gladios
1601 1127 1648 1178 sub
1669 1129 1779 1180 uestibus

1007 1233 1199 1294 abscondentes,
1219 1248 1353 1298 omnesque
1364 1235 1516 1298 conglobati,
1532 1233 1601 1284 aditu
1622 1233 1696 1298 quia
1715 1246 1777 1296 pau·

1006 1337 1042 1386 cis
1067 1336 1188 1387 militibus
1206 1335 1350 1388 serrabatur
1371 1339 1481 1401 pervim
1504 1340 1638 1400 occupato,
1652 1333 1777 1384 Amulium

1006 1437 1059 1487 sine
1067 1436 1116 1486 ullo
1128 1436 1225 1500 negotio
1236 1437 1394 1499 obtruncant,
1404 1441 1477 1501 atque
1486 1449 1567 1487 arcem
1577 1439 1706 1499 occupant.
1717 1435 1777 1483 Hoc

1007 1548 1065 1595 sunt
1079 1558 1135 1608 quea
1155 1545 1243 1594 Fabius
1256 1545 1350 1596 scribit.

1040 1648 1168 1696 txxxrv.
1199 1647 1245 1697 atii
1272 1659 1343 1707 rero,
1371 1646 1415 1710 qui
1443 1644 1502 1695 nibil
1536 1643 1638 1695 fabulosi
1662 1644 1773 1696 historie

1008 1753 1137 1803 conuenire
1160 1755 1274 1813 censent,
1304 1755 1393 1816 negant
1421 1752 1551 1802 uerisimile
1574 1765 1642 1815 esse,
1673 1752 1778 1803 inientes

1008 1860 1063 1909 illos
1089 1858 1244 1909 aministris
1274 1856 1346 1908 aliter
1372 1870 1447 1920 quam
1470 1857 1529 1920 ipsis
1558 1858 1702 1909 mandatum
1724 1864 1777 1910 crat

1008 1968 1130 2031 expositos
1153 1979 1220 2028 esse,
1246 1967 1271 2016 ct
1289 1965 1353 2029 lupm
1372 1964 1596 2026 mansuetudinem,
1619 1980 1675 2029 quae
1702 1967 1778 2017 ubera

1006 2073 1139 2125 infantibus
1157 2071 1302 2135 praebuerat,
1314 2075 1342 2120 ut
1361 2085 1410 2119 rem
1433 2070 1590 2120 absurditatis
1611 2073 1707 2135 tragicae
1725 2074 1777 2135 ple.

1007 2184 1063 2221 nem
1080 2169 1246 2221 cavillantur:
1269 2168 1403 2230 harumque
1422 2179 1504 2216 rerum
1523 2166 1661 2215 narratione
1682 2170 1775 2216 rnutata

1007 2275 1086 2338 aiunt,
1109 2275 1268 2335 Numitorem,
1290 2274 1332 2324 ubi
1352 2271 1505 2335 cognovisset
1525 2270 1624 2321 Silvium
1649 2271 1775 2334 gravidam

1006 2394 1075 2441 esse,
1097 2381 1158 2431 alios
1178 2393 1267 2444 pueros
1288 2380 1460 2429 recensentes
1482 2388 1589 2441 parasse,
1612 2377 1680 2426 etin
1704 2379 1776 2440 partu

1007 2485 1111 2535 inientes
1140 2488 1308 2549 permutassc;
1340 2481 1530 2545 custodibusque
1554 2481 1644 2531 aliems
1671 2480 1775 2531 intentes

1007 2593 1168 2658 asportandos
1180 2592 1278 2642 dedisse
1291 2591 1358 2655 (sire
1376 2590 1472 2640 illorum
1491 2601 1571 2652 operae
1586 2587 1657 2637 fldem
1675 2587 1778 2661 pecunia

1007 2700 1103 2759 emerit,
1120 2699 1173 2748 sive
1197 2711 1241 2761 pcr
1257 2697 1372 2747 mulieres
1388 2709 1442 2745 earn
1465 2693 1667 2760 permutationem
1681 2692 1777 2742 machi-

1006 2808 1078 2854 natus
1088 2804 1176 2864 tuerit)
1186 2815 1277 2864 eosque
1288 2801 1320 2852 ad
1326 2800 1451 2850 Amulium
1460 2798 1562 2859 delatos,
1574 2798 1647 2848 buius
1658 2797 1777 2847 arbitratu

1007 2912 1105 2960 necatos
1117 2927 1123 2957 :
1134 2911 1205 2957 natos
1218 2920 1276 2957 reru
1285 2920 1316 2957 er
1326 2905 1410 2964 silvia,
1423 2918 1436 2953 a
1450 2908 1560 2954 materno
1573 2917 1629 2965 avo,
1642 2902 1682 2966 qui
1692 2913 1777 2951 eornm

1008 3015 1111 3066 salutem
1144 3013 1294 3062 carissimam
1325 3009 1448 3069 babebat,
1475 3010 1591 3058 Faustulo
1625 3007 1779 3058 comunione..

1010 3123 1080 3172 llunc
1101 3124 1185 3169 autem
1200 3117 1341 3167 Faustulum
1364 3117 1395 3166 ab
1410 3115 1544 3165 arcadibus
1561 3113 1666 3177 Evandri
1686 3114 1784 3163 comiti·

1010 3227 1057 3275 bus
1071 3238 1146 3288 genus
1161 3222 1269 3279 duxisse.
1290 3225 1315 3270 et
1328 3219 1466 3269 Palatinum
1486 3220 1571 3268 collem
1586 3218 1726 3278 incoluisse,
1739 3220 1779 3267 at·

1008 3345 1057 3394 que
1078 3331 1135 3394 regit
1155 3329 1249 3393 peeoris
1266 3341 1351 3377 curam
1366 3325 1482 3375 babuisse
1502 3324 1602 3390 serunt.
1635 3323 1779 3385 ingratiam

1009 3439 1091 3487 autem
1105 3434 1238 3485 Numitoris
1257 3434 1302 3483 bos
1320 3445 1410 3496 pucros
1426 3430 1576 3492 educavissc,
1598 3443 1671 3479 suasu
1683 3427 1777 3486 fratris.

1010 3542 1050 3592 cui
1062 3555 1150 3592 nomen
1162 3539 1290 3600 Faustino,
1305 3538 1347 3602 qui
1358 3538 1492 3589 Numitoris
1509 3536 1604 3600 peeoris
1624 3536 1648 3585 in
1660 3535 1779 3586 Aventino

1010 3647 1201 3711 collepascentis
1210 3647 1327 3707 magister
1336 3647 1398 3694 erat.
1430 3646 1491 3701 Qua
1505 3647 1587 3692 autem
1604 3641 1708 3690 intentes
1720 3640 1781 3690 aluit

1010 3749 1037 3795 et
1049 3758 1170 3794 mammas
1184 3743 1297 3806 prebuit,
1313 3755 1361 3791 non
1375 3739 1458 3802 lupam
1477 3738 1552 3787 tuisse
1572 3739 1663 3796 terunt,
1676 3736 1719 3786 sed
1736 3740 1779 3797 (ut

1010 3845 1199 3891 consentaneum
1214 3839 1266 3899 cst)
1277 3837 1400 3897 seminam,
1413 3834 1521 3884 Faustuli
1538 3834 1665 3897 coniugem
1682 3833 1781 3883 nominc

1010 3938 1173 3995 Laurentium,
1189 3935 1227 3983 cui
1246 3934 1278 3982 ob
1289 3933 1447 3997 prostitutam
1462 3930 1584 3992 quondam
1600 3931 1709 3994 corporis
1727 3932 1780 3980 tor·

1011 4057 1075 4093 marn
1088 4040 1172 4091 incolas
1189 4037 1291 4088 Palatini
1305 4037 1396 4087 montis
1418 4037 1492 4098 Lupm
1507 4048 1639 4096 cognomen
1660 4036 1782 4100 imposue-

1011 4149 1073 4195 rant.
1106 4146 1160 4194 lloc
1172 4144 1256 4192 autem
1275 4153 1363 4189 nornen
1381 4143 1407 4189 et
1426 4141 1541 4189 Granum
1560 4143 1585 4189 et
1604 4141 1711 4203 priscum
1729 4144 1779 4200 cst,

1011 4243 1058 4292 iltis
1071 4240 1170 4305 quidem
1185 4237 1289 4288 inditum
1304 4249 1360 4299 quan
1381 4244 1483 4298 corpore
1494 4236 1593 4299 vulgato
1613 4236 1733 4297 quaestum
1746 4233 1781 4280 ta-

1011 4340 1107 4390 ciebant
1123 4358 1129 4387 :
1145 4350 1202 4400 quae
1215 4346 1279 4383 nunc
1291 4332 1431 4383 honestiore
1448 4331 1568 4382 uocabulo
1586 4334 1675 4394 ἑταῖραι
1690 4331 1780 4380 amice

1011 4437 1170 4502 appellantur.
1202 4430 1249 4483 Sed
1261 4429 1381 4495 quosdam
1394 4430 1430 4480 rei
1445 4428 1520 4479 buius
1541 4429 1637 4493 ignaros
1650 4427 1727 4478 olunt
1740 4426 1780 4474 ia·

1013 4536 1093 4585 bulum
1109 4533 1139 4583 de
1152 4533 1208 4594 lupa
1221 4530 1390 4587 commentos,
1406 4527 1526 4591 siquidem
1542 4527 1624 4586 lingua
1638 4524 1780 4573 Latinorum

1012 4642 1065 4691 brec
1079 4641 1129 4690 tera
1151 4638 1185 4687 ita
1197 4638 1307 4685 uocatur.
1355 4636 1406 4683 lios
1424 4635 1506 4682 autem
1522 4643 1639 4694 pucrosa
1659 4628 1723 4679 lacte
1740 4628 1781 4679 dc·

1011 4736 1101 4802 pulsos,
1118 4750 1133 4784 a
1153 4731 1311 4784 nutritoribus
1331 4731 1357 4781 in
1370 4731 1456 4780 urbem
1477 4728 1577 4786 Gabios,
1599 4741 1647 4775 non
1666 4726 1779 4790 procula

1012 4831 1120 4882 Palatino
1144 4831 1226 4878 monto
1248 4826 1322 4877 sitam
1350 4825 1455 4884 rnissos,
1487 4828 1513 4873 ut
1536 4824 1646 4873 Graecam
1672 4821 1779 4885 discipli-

1012 4942 1069 4988 'nanr
1085 4936 1224 4994 discerent3
1241 4933 1324 4997 ibique
1345 4931 1411 4994 apud
1423 4930 1532 4995 privatos
1545 4928 1654 4978 Faustuli
1672 4927 1781 4991 hospites

1012 5035 1129 5086 educatos
1141 5045 1203 5093 csse,
1217 5034 1242 5081 et
1253 5031 1337 5081 literas
1356 5030 1383 5079 et
1397 5027 1517 5078 musicam
1536 5029 1562 5076 et
1573 5038 1699 5075 armorum
1714 5025 1783 5075 Graa-

1015 5145 1098 5183 corum
1110 5143 1181 5182 usum
1193 5128 1317 5189 didicisse,
1336 5127 1414 5178 donec
1428 5125 1459 5176 od
1475 5120 1778 5189 pubertatcmrenissent.
