3772 5828
649 325 946 399 Antiquitatum
967 327 1114 388 Retinet.
1137 331 1210 392 LIB.
1235 335 1285 394 llt.

152 458 190 534 τῷ
203 453 285 532 τείχει
303 453 349 513 καί
364 454 529 532 πανταχόθεν
547 454 720 529 ποιησάμενοι
741 455 787 522 τάς
803 457 917 533 sposto-

151 544 197 610 λίς
212 543 328 621 αίροῦσιν
342 539 422 612 αὐτήν
437 541 505 600 κατὰ
518 539 624 619 κράτος.
681 542 800 623 Μάρκιος
812 545 838 602 δὲ
851 548 918 604 Τελ-

150 630 230 702 λήνας
244 632 319 688 πόλιν
342 633 393 687 τῶν
417 627 537 689 Λατίνων
556 630 671 707 ἐπιφανῆ
692 635 760 688 κατὰ
781 633 823 689 τὸν
845 635 921 691 αὐτὸν

150 722 218 798 αἰρεῐ
245 719 355 798 χρόνον,
384 719 413 774 έκ
434 714 606 795 παρατάξεώς
625 741 653 775 τε
682 722 790 788 νικήσας
812 720 858 778 καί
878 722 922 778 tri

107 824 120 860 ο
147 805 320 887 τειχομαχίας
333 804 587 880 παραστησάμενος·
599 806 658 872 τοῦς
676 810 699 863 θ’
717 807 826 873 ἁλόντας
846 809 920 867 οὐδέν

149 887 186 954 ών
208 885 279 973 εἰχον
296 893 454 974 ἀφελόμενος
473 894 508 959 εἰς
529 892 638 968 Ῥώμην
654 892 798 969 μετήγαγε,
814 896 858 953 καὶ
874 902 921 969 τῆς

149 983 248 1049 πόλεως
262 984 297 1048 εἰς
311 979 478 1042 κατασκευήν
490 983 577 1039 οἰκιῶν
589 982 667 1039 τόπον
684 983 840 1059 ἀπεμέρισε·
861 987 918 1044 Με-

150 1069 267 1130 δάλλειάν
283 1093 311 1127 τε
322 1073 410 1148 τριετῆ
423 1068 514 1147 χρόνον
520 1070 570 1128 ὑπὸ
581 1071 633 1136 τοῖς
645 1069 768 1136 Λατίνοις
777 1074 918 1147 γενομένην

148 1162 186 1239 τῷ
210 1162 326 1238 τετάρτῳ
352 1157 486 1232 κομίζεται
503 1157 583 1216 πάλιν
602 1161 714 1237 ,ἐνιαυτῷ
737 1158 846 1226 πολλαῖς
873 1164 919 1221 καί

95 1269 119 1304 ru
148 1248 275 1324 μεγάλαις
306 1245 547 1325 παραστησάμενος
572 1244 680 1323 μάχαις.
726 1246 779 1304 Καί
805 1248 861 1322 μετ’
889 1253 918 1309 οὖ

146 1332 212 1392 πολὺ
228 1334 276 1403 τήν
293 1332 447 1392 Φικαναίων
463 1333 534 1409 αἰρεῑ
548 1329 638 1402 πόλιν,
653 1331 686 1403 ἣν
698 1331 778 1411 τρίτῳ
793 1336 918 1414 πρότερον

146 1425 256 1500 ἐνιαυτῷ
280 1419 370 1478 tedio
391 1422 449 1478 καθ’
465 1417 623 1495 ὁμολογίας,
646 1420 691 1476 καὶ
715 1419 773 1487 τοὺς
794 1419 819 1488 ἐξ
840 1426 919 1494 αὐτῆς

146 1510 265 1575 ἅπαντας
280 1512 314 1574 εἰς
326 1507 435 1583 Ῥώμην
451 1505 624 1584 μεταγαγὼν,
642 1506 706 1564 άλλο
720 1507 747 1565 δὲ
759 1512 805 1577 τῆς
818 1509 919 1580 πόλεως

146 1596 219 1655 οὐδὲν
239 1595 380 1670 κακώσας,
398 1592 589 1672 ἐπιεικέστερον
607 1596 709 1670 μᾶλλον
722 1594 739 1664 ἣ
754 1597 916 1674 φρονιμώτε-

93 1705 116 1743 re
146 1709 189 1763 ρον
198 1684 268 1752 ἔδοξε
283 1683 460 1763 βουλεύεσθαι.
504 1681 641 1748 Ἐποίκους
654 1680 705 1761 γάρ
718 1684 918 1753 ἀποστείλαντες

148 1777 184 1839 εἰς
207 1771 289 1843 αὐτὴν
304 1774 328 1828 οἰ
349 1775 471 1845 Λατῖνοι,
487 1768 595 1839 κοίτην
612 1769 702 1849 χώραν
722 1772 806 1828 αὐτῶν
821 1772 916 1832 διακα-

146 1862 279 1939 τέχοντες,
310 1860 383 1918 αὗταί
411 1858 457 1929 τήν
486 1861 537 1915 τῶν
562 1857 716 1918 Φικαναίων
743 1861 916 1937 ἐκαρποῦντο·

148 1946 212 2006 ὥστ’
227 1945 378 2020 ἠναγκάσθη
392 1946 472 2004 πάλιν
487 1949 501 2004 ὁ
513 1945 630 2026 Μάρκιος
640 1945 669 2002 τὸ
682 1944 800 2024 δεύτερον
815 1947 858 2006 tot
869 1946 916 2017 τήν

147 2035 222 2094 πολιν
236 2039 406 2113 στρατεῦσαι,
420 2036 465 2093 καί
481 2033 547 2108 μετδι
563 2035 661 2104 πολλής
671 2034 856 2113 πραγματείας
870 2036 916 2094 κῦ-

92 2149 119 2186 20
147 2146 202 2204 ρισς
223 2124 302 2193 αὐτῆς
317 2122 451 2190 καταστάς
466 2121 601 2198 ίμπρῆσαί
623 2144 650 2179 τε
666 2123 712 2188 τίς
728 2123 811 2187 οἰκίας
825 2123 870 2180 καί
883 2122 916 2181 τά

147 2210 223 2290 τείχη
237 2210 420 2289 κατασκάψαι.

184 2301 318 2361 xxxiii.
334 2296 411 2358 Μετδι
422 2301 496 2357 τοῦτο
504 2294 617 2373 γίνονται
629 2295 747 2355 Λατίνων
755 2320 783 2353 τε
795 2297 840 2355 καί
848 2295 916 2356 Ῥω-

145 2388 228 2461 μαίων
244 2389 371 2463 μεγάλαις
386 2384 511 2459 δυνάμεσι
528 2381 753 2460 παραταξαμένων
766 2384 852 2462 μάχαι
863 2387 916 2444 διτ-

144 2475 197 2535 ταί.
209 2478 253 2553 Τῇ
263 2476 309 2548 μὲν
317 2464 360 2533 οῦν
372 2471 485 2551 προτέραΙ
495 2471 574 2549 μέχρι
584 2472 681 2527 πολλοῦ
697 2471 914 2548 διαγωνισάμενοι

90 2589 117 2626 25
146 2562 191 2620 καί
205 2562 321 2629 δόξαντες
333 2563 467 2637 ἰσόρροποι
479 2559 610 2638 γεγονέναι
622 2558 802 2636 διεκρίθησαν,
816 2560 860 2620 καί
873 2562 916 2622 ίπί

148 2647 209 2715 τοὺς
229 2649 308 2714 ἰδίους
332 2648 452 2724 ἑκάτεροι
473 2647 594 2726 χάρακας
609 2647 816 2726 ἀπηλλάγησαν·
836 2653 869 2729 τῇ
893 2653 915 2709 δ’

148 2735 245 2815 ὑστέρα
270 2734 399 2809 Ῥωμαῖοι
421 2737 513 2792 νικῶσι
533 2733 592 2800 τοὺς
621 2734 747 2801 Λατίνους
772 2736 816 2794 καί
837 2737 916 2817 μέχρι

144 2822 325 2901 στρατοπέδου
343 2821 477 2881 διώκουσι.
520 2820 596 2881 Merit
614 2821 640 2880 δὲ
658 2820 702 2887 τδις
716 2821 804 2903 μάχας
820 2825 915 2894 ταύτας

142 2909 217 2986 ’ἀγὼν
232 2908 280 2985 μὲν
296 2912 325 2967 έκ
341 2910 510 2987 παρατάξεως
526 2909 606 2974 οὐδείς
623 2912 708 2976 αὺτοῖς
725 2908 763 2968 ἔτι
780 2911 842 2989 πρὸς
862 2916 913 2971 ἀλ-

87 3017 114 3053 sn
142 2999 238 3068 λήλσυς
261 3000 389 3069 συνέστη,
412 2997 577 3076 καταδρομαὶ
595 2997 621 3058 δὲ
641 2989 688 3069 τής
707 2999 802 3078 ὁμόρου
825 3000 915 3079 χώρας

143 3087 188 3142 ὑπ’
202 3085 355 3163 ἀμφοτέρων
372 3089 485 3161 ἐγίνοντο
500 3086 631 3163 συνεχεῖς,
642 3091 687 3144 καὶ
699 3090 851 3163 συμπλοκαί
862 3095 914 3149 τῶν

141 3174 289 3253 περιπόλων
308 3178 354 3244 τῆς
368 3179 415 3250 γῆς
426 3173 528 3231 ἱππέων
543 3194 570 3230 τε
586 3173 631 3230 καί
644 3175 743 3251 ψιλῶν,
758 3176 785 3232 ἐν
798 3165 838 3242 αίς
853 3178 915 3235 ἔπε-

142 3260 254 3339 κράτουν
267 3266 303 3327 ὡς
321 3260 355 3318 τδι
375 3260 460 3319 πολλά
480 3259 627 3337 Ῥωμαῖοι,
647 3260 756 3336 δύναμιν
779 3261 915 3341 ὑπαίθριον

143 3349 245 3427 ἔχοντες
266 3352 292 3407 ἐν
312 3358 365 3415 τοῖς
383 3348 526 3427 ἐπικαίροις
546 3348 675 3429 φρουρίοις
695 3352 914 3423 ὑποκαθημένην,

88 3464 114 3500 ss
143 3427 175 3505 ἧς
196 3441 210 3494 δ
228 3436 362 3516 Τυρρηνὸς
389 3435 538 3513 Ταρκύνιος
559 3440 658 3513 ἡγεῖτο.
704 3436 865 3509 Ἀπέστησαν
887 3441 913 3500 δὲ

144 3524 188 3580 καί
203 3525 343 3594 Φιδηναῖοι
360 3522 503 3595 Ῥωμαίων
517 3525 585 3582 κατὰ
597 3523 655 3589 τοῦς
676 3522 771 3588 αὐτοῦς
784 3525 911 3602 χρόνους,

144 3611 190 3667 οῦκ
205 3613 233 3669 ἐκ
251 3618 295 3670 τοῦ
312 3615 425 3692 φανεροῦ
438 3610 482 3668 τδν
496 3611 611 3686 πόλεμον
630 3610 827 3684 ἀναδείξαντες,
844 3610 914 3668 ἀλλά

144 3697 204 3755 κατ’
218 3701 318 3777 ὀλίγους
337 3700 383 3758 καί
404 3697 492 3778 κρύφα
511 3696 558 3770 τήν
576 3698 666 3776 χώραν
681 3699 766 3755 αὐτῶν
782 3701 912 3778 καταδρο-

144 3795 205 3862 μαῖς
220 3792 437 3866 κακουργοῦντες·
452 3788 492 3865 ἐφ’
502 3784 545 3851 οθς
558 3789 572 3842 θ
587 3785 707 3862 Μάρκιος
717 3784 820 3866 εὐζώνῳ
830 3809 914 3862 στρα-

87 3903 114 3938 m
141 3881 186 3954 τιψί
196 3873 303 3944 ἐλάσαι,
315 3876 376 3952 πρίν
388 3873 405 3944 ἢ
418 3874 673 3954 παρασκευάσασθαι
685 3871 743 3941 τοῦς
754 3873 914 3945 Φιδηναίους

141 3960 174 4020 τά
194 3961 257 4041 πρὸς
271 3962 316 4020 τδν
334 3963 462 4037 πόλεμον,
481 3962 557 4041 ἐγγὺς
574 3967 621 4033 τῆς
635 3961 735 4028 πόλεως
751 3963 851 4020 τίθεται
870 3961 913 4020 τὸν

138 4049 259 4128 χάρακα.
303 4053 339 4110 Οἱ
355 4050 383 4108 δέ
402 4052 461 4108 κατ’
476 4049 561 4129 ἀρχάς
576 4052 623 4124 μέν
639 4051 739 4125 ἀγνοεῖν
752 4050 912 4120 ἐσκήπτοντο

140 4140 197 4195 ἀντὶ
213 4138 295 4196 ποίων
307 4140 479 4213 ἀδικημάτων
494 4137 604 4217 στρατὸς
615 4139 655 4194 ἐπ’
667 4136 758 4204 αὐτοῦς
770 4137 911 4213 Ῥωμαίων

140 4227 262 4305 ἀφῖκται·
287 4234 333 4287 τοῦ
354 4225 381 4284 δέ
407 4223 536 4304 βασιλέως
556 4224 673 4290 εἰπόντος
693 4224 732 4283 δτι
753 4226 826 4292 δίκας
848 4227 911 4301 παρ’

89 4337 113 4374 ts
142 4317 225 4372 αὐτῶν
246 4313 305 4385 ἥκει
323 4314 470 4392 ληψόμενος
489 4303 525 4369 ὧν
548 4311 696 4391 διήρπασάν
712 4335 740 4369 τε
763 4312 808 4369 καί
831 4311 911 4369 κατί-

141 4399 247 4481 ῦλαψαν
265 4403 346 4459 αὐτοῦ
360 4400 408 4471 τὴν
424 4404 491 4478 γῆν,
506 4403 680 4477 ἀπελογοῦντο
693 4398 757 4477 πρὸς
770 4403 868 4470 ταῦτα,
878 4401 913 4463 ὡς

140 4492 169 4548 οὗ
182 4491 213 4548 τό
234 4490 319 4548 κοινὸν
334 4489 415 4546 αίτιον
432 4489 472 4558 εἴη
488 4492 540 4547 τῶν
559 4488 745 4564 ἀδικημάτων,
757 4486 802 4545 καί
819 4485 913 4565 χρόνον

140 4580 242 4654 isoes?
258 4581 293 4641 εἰς
304 4575 443 4653 διάγνωσίν
455 4597 483 4632 τε
495 4576 540 4632 καί
555 4574 661 4645 ζήτησιν
677 4577 728 4633 τῶν
744 4574 842 4652 ἐνόχων
854 4573 911 4638 ταῖς

140 4664 251 4735 αἰτίαις,
261 4664 307 4722 καί
328 4664 428 4730 πολλάς
442 4662 603 4742 κατέτριψαν
619 4661 735 4740 ἡμέρας,
756 4661 913 4740 πράττοντες

88 4773 115 4810 su
142 4751 189 4830 μίν
204 4753 277 4811 οὐδέν
294 4754 347 4810 τῶν
359 4753 469 4810 δεόντων
480 4795 488 4822 ,
500 4750 704 4822 ἐπικαλούμενοι
714 4746 741 4806 δί
754 4747 840 4826 κρύφα
854 4745 913 4812 τοῦς

99 4871 104 4886 ¹
140 4839 297 4916 συμμάχους
307 4838 352 4896 καί
363 4837 423 4915 περί
438 4835 606 4906 κατασκευὴν
619 4833 707 4894 ὅπλων
725 4834 870 4912 γινόμενοι.

179 4929 239 4987 XL.
254 4925 354 4986 Μαθὼν
366 4924 451 4996 δέτὴν
465 4925 580 4982 διάνοιαν
592 4925 702 4982 αὐτῶνθ
715 4924 834 5001 Μάρκιος
849 4925 912 4979 ὑπο-

139 5014 232 5078 νόυους
246 5012 360 5092 ώρυττεν
374 5013 427 5071 ἀπὸ
438 5015 486 5082 τῆς
500 5011 566 5078 ἰδίας
583 5010 752 5090 παρεμάολῆς
766 5010 910 5154 ἀρξάμενος

139 5099 190 5162 tni
203 5100 236 5157 τά
251 5099 327 5179 τείχη
341 5103 386 5172 τῆς
399 5099 513 5172 πόλεως,
529 5098 574 5156 καί
588 5097 677 5169 ἐπειδὴ
691 5097 764 5164 τέλος
776 5119 787 5154 ι
798 5119 846 5175 χεν
857 5094 908 5166 ήδη

1694 349 1752 410 165
1837 408 1840 415 ,

976 481 1028 516 sam
1035 469 1113 518 muris
1126 470 1388 538 undiqueoppugnatis
1401 476 1426 526 ri
1440 483 1563 542 ceperunt.
1596 487 1628 533 At
1642 486 1752 536 Marcius

978 579 1089 629 'tellenas
1110 581 1235 632 civitatem
1247 585 1388 634 Latinorum
1401 587 1519 650 insignem
1536 592 1621 642 eodem
1642 600 1751 662 tempore

977 693 1052 755 cepit,
1060 693 1145 743 hostes
1156 695 1208 745 acie
1216 697 1296 745 uictos
1306 702 1331 747 et
1339 708 1492 764 expugnatos
1498 703 1521 750 in
1529 704 1746 761 deditisnemacci·

976 801 1044 865 piens
1059 820 1066 852 ι
1085 804 1243 868 captivosque
1260 808 1326 858 nulls
1340 823 1367 859 re
1382 812 1499 873 spoliatos
1511 816 1611 864 ltomam
1624 818 1745 881 traduxit,

976 920 1001 965 et
1022 916 1053 964 ad
1071 916 1156 966 domos
1176 919 1327 970 fabricandas
1351 922 1418 972 urbis
1441 925 1521 974 locum
1545 926 1576 975 iis
1598 929 1745 994 assignavit3

976 1031 1001 1078 ct
1013 1029 1154 1079 Medulliam
1171 1045 1213 1094 per
1224 1032 1355 1083 triennium
1368 1048 1383 1085 a
1396 1037 1489 1087 Latinis
1503 1040 1638 1103 retentam,
1657 1049 1746 1107 quarto

975 1141 1074 1195 demum
1092 1158 1155 1195 auno
1169 1147 1254 1196 multis
1265 1152 1290 1197 et
1301 1150 1394 1212 magnis
1409 1152 1501 1215 prmliis
1517 1160 1656 1218 superatam
1677 1172 1745 1209 rece·

974 1255 1017 1319 pit.
1051 1260 1136 1321 Neque
1161 1261 1239 1310 multo
1255 1266 1310 1326 post
1331 1263 1443 1315 Ficanam
1466 1271 1675 1332 expugnavit‚ex
1696 1287 1747 1337 qua

974 1368 1034 1418 urbe
1044 1371 1458 1438 tertioenteannoperdeditiooem
1467 1380 1745 1444 capteplebemomuem

974 1492 1074 1539 itomam
1102 1492 1257 1554 traduxerat,
1280 1508 1359 1559 neque
1378 1496 1429 1545 ullo
1451 1502 1569 1560 praeterea
1600 1501 1746 1557 detrimento

973 1600 1058 1650 urbem
1079 1601 1210 1657 affecerat,
1233 1604 1333 1654 consilio
1358 1606 1448 1656 mitiori
1476 1620 1550 1670 quem
1573 1610 1742 1673 prudentiori:

973 1706 1050 1754 Latini
1075 1706 1152 1765 enim,
1167 1709 1248 1757 missis
1266 1709 1289 1757 in
1310 1723 1363 1759 earn
1382 1711 1473 1760 colonis
1486 1717 1511 1760 et
1532 1726 1590 1775 agro
1607 1721 1743 1778 occupnto,

974 1817 1019 1880 ipsi
1034 1818 1201 1869 Ficeuensium
1214 1835 1272 1884 agro
1282 1822 1438 1885 fruebantur,
1459 1825 1493 1874 itu
1507 1830 1534 1875 ut
1548 1826 1629 1877 denuo
1644 1842 1743 1892 cogere·

973 1926 1014 1974 tur
1033 1925 1140 1974 Marcius
1153 1927 1288 1977 exercitum
1303 1932 1388 1978 contra
1400 1929 1485 1980 urbem
1504 1932 1569 1982 iliam
1586 1933 1692 1992 ducere,
1703 1948 1742 1985 ea-

971 2041 1020 2090 que
1036 2041 1083 2076 non
1099 2029 1152 2078 sine
1166 2043 1254 2092 magno
1265 2031 1362 2092 negotio
1385 2033 1478 2095 potitus
1491 2033 1595 2084 aedilicia
1615 2035 1744 2089 incendere

970 2139 996 2184 et
1011 2149 1094 2185 muros
1104 2136 1222 2187 demoliri.

1003 2299 1107 2347 llltxlli.
1122 2301 1209 2348 Postea
1220 2298 1270 2348 duo
1286 2299 1372 2363 proeiia
1393 2300 1457 2350 inter
1470 2303 1568 2352 Latinos
1580 2308 1605 2354 et
1619 2308 1740 2358 itomauos

972 2389 1065 2451 mugnis
1076 2391 1525 2454 copiisegressoscornmtssosunt.ur
1535 2395 1624 2460 priore,
1634 2400 1742 2451 cumdio

971 2491 1116 2548 pugnassent
1131 2493 1155 2536 et
1167 2501 1240 2551 raquo
1252 2493 1329 2537 marte
1344 2492 1450 2539 certasse
1461 2489 1609 2556 viderentur,
1621 2494 1742 2546 discesse-

970 2581 1029 2627 runt
1054 2585 1079 2629 et
1094 2580 1193 2644 utrique
1209 2594 1236 2631 se
1248 2581 1274 2630 in
1293 2595 1336 2631 sua
1349 2586 1430 2631 caetra
1442 2589 1586 2646 receperunt
1599 2603 1605 2633 ι
1619 2589 1642 2635 in
1657 2594 1740 2651 poste·

973 2673 1037 2724 riore
1061 2687 1119 2723 vcro
1134 2675 1235 2724 liommi
1258 2676 1356 2725 latinos
1371 2653 1486 2726 'ricemut
1507 2683 1532 2729 et
1552 2694 1630 2742 usque
1649 2683 1680 2731 ed
1698 2697 1742 2733 ca-

970 2772 1023 2819 stre
1037 2771 1160 2833 persecuti
1172 2774 1236 2821 suut.
1247 2772 1304 2820 Post
1315 2771 1369 2821 lraec
1379 2765 1467 2835 prmlia
1486 2787 1618 2835 numquam
1635 2778 1742 2840 amplius

970 2866 995 2913 iu
1007 2865 1058 2914 acie
1078 2868 1198 2915 certatum
1212 2870 1264 2925 est,
1281 2866 1324 2916 sed
1337 2867 1369 2916 ab
1386 2867 1495 2929 utrisque
1513 2868 1662 2920 incursiones
1682 2887 1740 2922 con·

970 2960 1047 3010 tinore
1061 2960 1085 3009 in
1097 2974 1167 3023 egros
1182 2960 1297 3010 finitimos
1310 2961 1414 3021 tiebant,
1427 2949 1452 3010 et
1464 2961 1528 3010 inter
1538 2963 1633 3026 equites
1645 2970 1670 3015 et
1683 2968 1741 3017 veli·

969 3059 1008 3106 tes
1024 3058 1066 3119 qui
1084 3070 1169 3120 apum
1183 3057 1343 3106 circumibant
1361 3058 1493 3106 certamina
1512 3060 1737 3126 committebantur,

971 3166 1001 3202 εκ
1013 3153 1103 3217 quibus
1114 3154 1259 3216 plerumque
1273 3154 1373 3202 Romani
1387 3154 1491 3202 victores
1501 3153 1672 3218 discedebant,
1682 3158 1742 3221 quia

970 3248 1053 3312 copias
1069 3250 1171 3300 eductas
1189 3254 1214 3300 et
1228 3251 1251 3298 in
1268 3249 1375 3299 castellis
1387 3249 1530 3313 opportunis
1548 3250 1678 3302 collocatos
1693 3254 1740 3304 he·

972 3347 1074 3405 bebant,
1094 3347 1184 3410 quibus
1202 3347 1348 3410 Tarquinius
1365 3351 1485 3397 Etmscus
1500 3351 1612 3409 praeerat.
1646 3350 1739 3402 Eodem

969 3450 1052 3497 autem
1066 3449 1175 3508 tempore
1191 3449 1216 3493 ct
1229 3445 1357 3494 Fidenates
1368 3458 1383 3492 a
1395 3446 1508 3494 itomanis
1526 3446 1680 3506 deiecerunt,
1691 3462 1740 3498 nou

969 3544 1052 3604 aperte
1073 3538 1137 3588 bello
1165 3538 1269 3596 indicto,
1296 3538 1340 3586 sed
1367 3539 1454 3602 exigua
1476 3541 1600 3589 huminum
1622 3553 1696 3590 mauu
1714 3544 1740 3590 et

968 3634 1070 3685 occrrltis
1088 3632 1264 3682 incursionibus
1280 3646 1366 3694 agrum
1379 3646 1462 3682 eorum
1478 3637 1619 3685 vastantes:
1638 3635 1664 3687 in
1676 3649 1740 3698 quos

969 3728 1077 3779 Marcius
1090 3740 1146 3776 cum
1161 3725 1275 3790 expedito
1287 3727 1392 3775 exercitu
1402 3728 1534 3789 protectus,
1547 3729 1688 3792 priusquam
1701 3743 1741 3780 res

968 3825 1000 3876 ad
1013 3826 1103 3877 bellum
1124 3824 1273 3874 necessarias
1288 3824 1441 3886 paravissent
1457 3836 1533 3887 prope
1552 3825 1637 3874 urbem
1657 3828 1739 3876 castre

968 3918 1060 3984 posuit.
1091 3917 1169 3968 Atilii
1183 3916 1300 3980 principio
1311 3916 1411 3980 quidem
1428 3917 1575 3967 simulabant
1588 3931 1615 3967 sc
1630 3918 1739 3981 ignorare

968 4020 1000 4070 ob
1014 4031 1074 4081 quas
1090 4015 1192 4066 iniurias
1203 4018 1367 4064 Romanorum
1380 4013 1501 4063 exercitus
1519 4018 1604 4064 centra
1615 4028 1641 4064 se
1655 4015 1739 4065 renis-

969 4120 1026 4164 set:
1044 4113 1088 4164 sed
1107 4126 1163 4162 cum
1181 4125 1225 4162 rex
1245 4109 1409 4174 respondisset
1426 4110 1509 4160 venire
1527 4124 1554 4160 se
1574 4112 1602 4159 ut
1617 4113 1739 4175 repeteret

967 4209 999 4257 ab
1019 4206 1078 4270 ipsis
1095 4219 1178 4269 ρωποι
1193 4204 1225 4253 ob
1242 4217 1326 4266 agrum
1343 4202 1489 4266 populatum
1510 4207 1536 4252 ct
1555 4204 1695 4266 vastatum,
1709 4217 1736 4254 se

967 4304 998 4353 de
1016 4304 1056 4354 his
1076 4302 1212 4368 purgabant
1227 4305 1252 4350 ct
1269 4299 1330 4350 nilril
1342 4300 1431 4349 horum
1447 4298 1622 4349 maleficiorum
1639 4298 1738 4361 publico

967 4400 1068 4451 consilio
1094 4402 1185 4450 tactum
1213 4397 1327 4447 dicebant
1356 4400 1500 4458 tempusque
1524 4394 1679 4460 postulabant
1704 4393 1737 4445 ad

966 4500 1127 4565 cognitionem
1148 4512 1242 4548 caussae
1261 4501 1286 4547 et
1305 4496 1337 4546 ad
1356 4496 1442 4546 noxios
1465 4494 1648 4559 perquirendos.
1703 4497 1735 4544 at

965 4600 1117 4652 multosdies
1128 4601 1344 4660 consumpserunt,
1358 4595 1418 4644 ninii
1430 4609 1515 4644 eorum
1528 4607 1584 4657 qnae
1595 4591 1646 4642 sieri
1658 4603 1735 4652 opor-

966 4700 1034 4751 tebat
1044 4698 1174 4756 iacientes,
1193 4696 1237 4746 sed
1249 4695 1313 4745 clam
1325 4695 1446 4744 sociorum
1461 4691 1552 4742 auxilia
1568 4688 1734 4752 implorantes,

965 4804 990 4852 et
1002 4814 1127 4850 armorum
1141 4796 1268 4861 apparatui
1279 4808 1377 4858 operam
1391 4794 1519 4843 necantes.

996 4935 1043 4983 xi.
1057 4933 1105 4984 Sed
1117 4932 1235 4988 Marcius,
1250 4929 1347 4991 cognito
1357 4941 1440 4976 eorum
1454 4923 1566 4981 consilio,
1582 4917 1735 4970 cuuicrtluea

965 5010 1053 5060 castris
1067 5009 1185 5072 usquead
1195 5008 1262 5058 urbis
1275 5006 1365 5056 monia
1376 5014 1445 5062 apere
1455 4999 1545 5062 copie:
1563 5000 1588 5046 ct
1600 5009 1671 5060 opere
1685 4995 1735 5048 ium

965 5097 1077 5148 absoluto
1103 5096 1185 5160 copias
1213 5096 1297 5144 eontra
1321 5090 1407 5140 urbem
1428 5085 1514 5144 durii,
1538 5084 1618 5135 allatis
1648 5096 1734 5135 secum
