3772 5828
172 398 212 460 68
693 385 865 446 DlONYSll
886 383 1263 446 HALICARNASSENSIS

172 532 286 597 σασθαι,
317 518 587 601 παρασκευασάμενός
611 518 633 576 θ’
663 517 704 576 όσ’
730 519 766 584 εἷς
789 516 879 583 θυσίας
902 517 947 575 καὶ

172 613 303 692 ὑποδοχάς
325 617 371 669 τοῦ
393 607 446 667 λεὼ
458 607 596 690 Ιχρησίμως
609 605 674 675 ἕξειν
689 603 800 680 έμελλεν
808 649 818 680 ,
832 609 867 666 rb:
881 596 945 675 ἧκεν

172 707 187 762 ό
209 702 376 778 συγκείμενος
397 701 503 777 χρόνος,
519 696 596 762 αὐτός
610 718 639 752 τε
653 693 786 773 προθύσας
799 701 855 761 τοῖς
870 698 946 764 θεοῖς,

172 791 217 852 καὶ
244 790 304 855 τοὺς
324 788 418 852 ἀλλους
447 783 573 850 κελεύσας
600 782 670 842 κατὰ
698 780 808 859 δύναμιν
834 791 865 841 το
884 782 949 842 αὐτὸ

131 910 145 948 g
172 882 245 958 δρᾶν,
264 878 364 957 ὄρνιθας
383 875 431 951 μὲν
455 875 560 952 πρῶτον
586 870 685 937 αἰσίους
706 869 852 945 λαμόάνει·
880 868 948 948 μετὰ

172 967 200 1026 δέ
214 973 289 1027 τοῦτο
303 960 433 1042 πυρκαϊάς
455 959 506 1041 πρὸ
527 962 580 1018 τῶν
600 963 703 1030 σκηνῶν
719 956 837 1036 γενέσθαι
860 959 949 1017 κελεύ·

172 1079 237 1134 σοις,
252 1053 336 1127 ἐξάγει
352 1051 396 1109 τδν
409 1047 476 1107 λεὼν
492 1048 542 1114 τδς
556 1047 654 1128 φλόγας
671 1047 889 1123 ὑπερθρώσκοντα
903 1050 949 1118 τῆς

171 1146 301 1206 ὁσιώσεως
335 1142 387 1198 τῶν
413 1137 573 1214 μιασμάτοιν
605 1135 691 1193 ἕνεκα.
734 1133 812 1195 Ἐπεὶ
844 1134 871 1193 δέ
895 1144 947 1194 πᾶν

1003 522 1035 573 ad
1046 522 1192 573 sacrificium
1208 526 1234 572 et
1245 521 1328 586 populi
1343 521 1444 585 epulum
1459 522 1618 583 necessariis,
1632 522 1672 574 dic
1684 528 1781 577 statute

1001 628 1130 688 postquam
1148 629 1173 673 et
1193 624 1244 687 ipse
1266 626 1322 674 ante
1344 623 1404 673 alios
1426 624 1573 675 sacrificium
1589 625 1637 676 diis
1662 627 1734 690 tecit,
1750 635 1777 680 et

1001 729 1096 775 ceteros
1116 737 1161 789 pro
1186 724 1281 774 viribus
1299 723 1365 774 idem
1386 724 1466 776 tacere
1483 726 1569 789 iussit,
1593 729 1698 792 primum
1718 731 1778 793 quin

1000 829 1130 892 augurium
1150 827 1259 878 tamtum
1286 831 1375 879 unctus
1402 832 1440 881 est
1460 847 1468 881 ι
1492 830 1583 882 deinde
1607 832 1704 896 ignibus
1729 848 1776 898 pro

1001 929 1114 979 tentoriis
1138 929 1240 980 accendi
1262 931 1335 980 iussis
1358 931 1477 994 populum
1508 933 1596 996 piaculi
1629 948 1704 986 causa
1734 950 1778 1001 per

1000 1028 1094 1080 medias
1117 1031 1230 1081 tlomnras
1251 1032 1378 1084 salientem
1400 1033 1512 1086 deduxit,
1556 1037 1604 1088 tibi
1626 1043 1709 1090 autern
1725 1053 1779 1104 per-

1001 1135 1084 1182 acturo
1113 1133 1210 1197 pulerit
1229 1134 1350 1197 quidquid
1369 1135 1418 1187 diis
1447 1141 1575 1201 acceptum
1598 1153 1653 1190 esse
1680 1141 1778 1193 iudina-

171 1229 231 1290 ὅσον
247 1220 279 1299 ἦν
304 1230 334 1286 ἐκ
358 1230 485 1305 Mittit&
507 1229 573 1290 θεοῖ(
588 1223 662 1304 φίλον
685 1221 752 1302 ᾤετο
776 1224 948 1302 πεπρᾶχθαι,
996 1236 1056 1294 bat.
1078 1237 1192 1287 omuibus
1219 1237 1348 1289 inlocum
1372 1240 1525 1304 designatum
1550 1243 1704 1304 convocetis,
1723 1245 1775 1296 eol·

30 1360 33 1368 ·
119 1345 144 1384 ro
171 1320 285 1383 καλέσας
308 1315 428 1381 ἅπαντας
451 1317 489 1379 εἰς
505 1312 549 1371 τὀν
570 1310 760 1390 ἀποδειχθέντα
775 1311 855 1370 τόπον
871 1332 949 1389 περι·

171 1408 265 1488 γράφει
287 1403 451 1483 τετράγωνον
472 1405 568 1481 σγῆμα
591 1403 629 1480 τῷ
650 1397 738 1479 λόφῳ,
762 1398 820 1476 βοδτ
843 1397 949 1478 άρρενος

173 1495 232 1571 ἅμα
251 1492 343 1571 θηλείᾳ
364 1489 514 1571 (supreme
529 1489 574 1547 ὑπ’
595 1490 703 1566 άροτρον
719 1486 830 1553 ἑλκύσας
844 1485 947 1546 αὔλακα

172 1585 288 1656 διηνεκῆ,
303 1581 349 1654 τὴν
366 1580 514 1656 μέλλουσαν
526 1576 701 1646 ὑποδέξασθαι
715 1577 745 1634 τὸ
759 1583 861 1656 τεῖχος·
875 1576 902 1646 ἐξ
916 1567 946 1635 ού

171 1666 316 1748 Ῥωμαίοις
330 1668 360 1727 τὸ
378 1670 432 1735 ίθος
446 1672 523 1726 τοῦτο
544 1671 593 1739 τῆς
615 1669 797 1744 περιαρόσεως
819 1668 871 1723 τῶν
891 1687 946 1745 χω·

8 1758 17 1765 ’
119 1780 144 1820 ιο
173 1757 234 1838 ρίυιν
253 1761 279 1817 έν
305 1760 434 1833 οἰκισμοῖς
456 1757 559 1816 πολεων
582 1752 736 1833 παραμένει.
780 1752 949 1832 Ἐργασάμε-

170 1870 212 1916 νος
234 1846 261 1906 δέ
286 1851 370 1905 ταῦτα
385 1845 500 1904 καὶτῶν
523 1848 591 1922 βοῶν
615 1842 753 1920 ἑκατέρους
769 1842 887 1926 ἱερεύσας
902 1842 948 1902 άλ-

170 1936 223 1993 λων
253 1957 283 1992 τε
309 1935 417 1993 πολλῶν
435 1930 560 2008 θυμάτων
588 1929 797 2008 καταρξάμενος,
826 1931 947 2010 ἐφίστησι

170 2023 224 2088 τοῖς
239 2021 322 2102 ίργοις
334 2019 379 2080 τόν
405 2018 485 2081 λεών.
529 2017 637 2090 Ταύτην
656 2018 695 2076 ε’τι
717 2018 817 2085 καλεῖς
836 2016 884 2094 έμέ
897 2019 946 2090 τὴν

170 2110 272 2191 ἡμέραν
286 2109 430 2187 Ῥωμαίων
450 2108 561 2180 ἡπόλις
585 2109 682 2186 ἑορτῶν
704 2108 828 2182 οὐδεμιᾶς
847 2105 944 2178 ἥττονα

115 2221 143 2262 το
169 2197 292 2275 τιθεμένη
307 2197 365 2257 καθ’
384 2196 496 2256 ἕκαστον
514 2192 569 2261 έτος
595 2194 663 2271 ἄγει,
691 2194 800 2253 καλοῦσι
815 2194 841 2251 δέ
861 2195 946 2275 Παρί-

170 2290 232 2346 λια·
248 2287 337 2346 θύουσι
358 2288 381 2344 δ’
403 2288 430 2344 έν
448 2285 516 2364 αὐτῇ
539 2282 599 2362 περί
624 2287 701 2361 γονῆς
726 2283 893 2360 τετραπόδων
919 2288 944 2344 nt

162 2374 280 2455 ,γεωργοὶ
296 2374 342 2433 καί
360 2382 450 2450 νομεῖς
463 2371 557 2431 θυσίαν
571 2372 746 2451 χαριστήριον
772 2371 848 2449 ἔαρος
862 2373 945 2450 ἀρχο-

75 2491 80 2497 ·
169 2463 260 2541 μένου.
303 2463 420 2541 Πότερον
435 2461 462 2520 δί
477 2460 524 2531 τὴν
537 2461 638 2537 ἡμέραν
654 2460 752 2529 ταύτην
765 2460 803 2516 ίτι
820 2459 947 2518 παλαίτε-

171 2575 214 2632 ρον
231 2555 257 2612 ἐν
272 2552 421 2617 εὐπαθείαις
442 2550 574 2628 διάγοντες
590 2550 805 2620 ἐπιτηδειοτάτην
832 2550 944 2630 οἰκισμῷ

115 2660 141 2703 tu
157 2621 269 2707 ’πόλαως
299 2640 436 2717 ἐνόμισαν,
460 2637 478 2709 ἢ
499 2642 545 2696 τοῦ
569 2637 711 2714 κτίσματος
732 2636 847 2717 ἄρξασαν
871 2637 944 2717 ίερδν

168 2732 324 2803 ἐποιήσαντο
344 2729 390 2788 καλ
413 2725 485 2795 θεοὺς
502 2729 528 2785 ἐν
553 2729 620 2805 αὐτῇ
646 2723 704 2793 τούς
719 2725 827 2802 ποιμέσι
852 2726 943 2806 φίλους

168 2819 299 2899 γεραίρειν
319 2815 401 2890 ᾤοντο
419 2816 483 2886 δεῖν,
501 2817 548 2873 ούκ
569 2811 624 2893 ίχω
647 2814 759 2892 βεόαίως
770 2814 860 2876 εἰπεῖν.

208 2907 367 2968 lxxxix.
395 2901 427 2962 ‘A
447 2903 494 2978 μέν
508 2893 552 2961 ούν
570 2901 629 2975 ἐμοί
643 2902 752 2976 δύναμις
777 2902 879 2980 ἐγένετο
898 2902 944 2961 σὺν

168 2997 253 3072 πολλῇ
264 2993 379 3072 φροντίδι
400 2992 532 3070 ἀνευρεῖν,
549 2988 686 3060 Ἑλλήνιον
698 3012 726 3048 τε
741 2990 786 3048 καί
799 2989 943 3067 Ῥωμαίων

113 3108 141 3147 ου
169 3081 265 3164 συχνδις
277 3078 461 3156 ἀναλεξαμένῳ)
474 3077 575 3158 γραφάς
591 3077 656 3155 ὑπὲρ
680 3083 724 3135 τοῦ
737 3080 788 3135 τῶν
801 3079 944 3154 Ῥωμαίων

169 3171 270 3246 γένους,
285 3169 367 3228 τοιάδ’
383 3166 465 3226 ἐστίν·
479 3164 547 3225 ῶστε
566 3168 667 3245 θαρρῶν
680 3165 731 3237 ἤδη
746 3190 784 3232 τις
795 3168 942 3248 ἀποφαινέ-

169 3272 234 3332 com,
244 3258 329 3318 πολλά
337 3256 439 3337 γαίρειν
448 3256 549 3336 φράσας
561 3255 613 3320 τοῖς
631 3253 773 3334 βαρόάρων
782 3253 828 3313 καί
841 3259 942 3332 δραπε-

167 3353 218 3407 τῶν
235 3347 280 3407 καὶ
294 3344 418 3406 άνεστίων
435 3343 576 3423 ἀνθρώπων
590 3343 744 3420 καταφυγὴν
763 3341 809 3414 τὴν
834 3341 943 3421 Ῥώμην

167 3442 300 3509 ποιοῦσιν,
318 3434 437 3494 Ἐλλάδα
458 3433 534 3491 πολιν
552 3431 646 3506 αὑτὴν,
665 3432 881 3508 ἀποδεικνύμενος
896 3433 943 3510 μὲν

113 3548 140 3585 οε
168 3525 322 3594 κοινοτάτην
334 3546 361 3581 τε
373 3525 475 3581 πόλεων
487 3520 532 3580 κοιλ
543 3521 805 3601 φιλανθρωποτάτην,
819 3520 944 3599 ένθυμού-

168 3635 244 3689 μενος
257 3610 279 3669 δ’
293 3612 333 3670 ότι
345 3612 374 3670 τὸ
386 3616 437 3670 τῶν
449 3610 614 3691 Ἀόοριγίνων
632 3611 711 3690 φῦλον
727 3610 889 3688 Οἰνωτρικὸν
901 3604 943 3684 ἦν,

167 3705 242 3760 τοῦτο
253 3702 275 3758 δ’
287 3698 618 3778 Ἄρκαδικόνμειινημένος
630 3697 657 3757 δέ
670 3703 720 3757 τῶν
733 3702 943 3769 συνοικησάντων

168 3789 253 3854 αὐτοῖς
270 3790 433 3866 Πελασγῶν,
458 3787 483 3846 oi
509 3788 658 3849 Θετταλίαν
681 3788 868 3853 καταλιπόντες
884 3786 942 3866 ’Λρ-

169 3879 233 3953 γεῖοι
252 3877 281 3934 τδ
301 3877 373 3953 γένος
385 3879 454 3941 ὄντες
472 3878 508 3945 εἰς
521 3875 638 3935 Ἰταλίαν
655 3875 790 3956 ἀφίκοντο·
809 3876 943 3952 Εὐάνδρου

113 4000 141 4041 40
167 3963 193 4022 τ’
208 3955 241 4023 αδ
268 3965 313 4022 καὶ
338 3965 472 4043 Ἀρκάδων
496 3963 621 4045 ἀφίξεως,
639 3963 739 4045 οἳπερλ
765 3963 795 4022 τὸ
818 3965 945 4023 Παλλάν·

170 4075 226 4111 τιον
248 4051 365 4131 ᾤκησαν.
392 4051 566 4132 Ἀόοριγίνων
589 4054 677 4119 αὐτοῖς
701 4051 892 4131 παρασχόντων
915 4054 944 4112 τὸ

166 4139 275 4219 χωρίον·
294 4139 332 4197 ἔτι
346 4140 372 4198 tt
386 4140 606 4211 Πελοποννησίων
622 4144 674 4199 τῶν
688 4138 735 4199 σύν
748 4138 877 4219 Ἡρακλεῖ
890 4163 944 4198 πα-

168 4227 363 4307 ραγενομένων,
388 4226 413 4286 οἳ
439 4228 598 4309 κατῴκησαν
621 4228 664 4288 ἐπὶ
690 4233 736 4287 τοῦ
760 4228 938 4306 Σατουρνίαν·

168 4320 315 4377 τελευταῖον
342 4315 368 4375 δέ
393 4322 444 4375 τῶν
474 4318 683 4377 ἀπαναστάντων
708 4319 738 4376 ἐκ
757 4321 805 4387 τῆς
818 4317 943 4396 Τρωάδος

120 4424 144 4458 u.
166 4407 211 4465 καί
238 4405 467 4485 συγκερασθέντων
494 4410 549 4473 τοῖς
569 4404 717 4486 προτέροις.
761 4405 867 4466 Τούτων
891 4405 943 4483 γάρ

167 4495 198 4552 ἀν
227 4496 298 4555 οὐδὲν
330 4493 399 4571 εθροι
425 4497 476 4552 τῶν
506 4497 585 4552 ἐθνῶν
612 4493 666 4553 οὔτ’
692 4495 862 4574 ἀρχαιότερον
889 4491 942 4552 οὗθ’

167 4582 406 4661 Ἑλληνικώτερον.
446 4586 480 4643 Αἱ
509 4583 535 4641 δέ
558 4587 610 4641 τῶν
637 4582 778 4664 βαρόάρυιν
797 4582 942 4661 ἐπιμιξίαι,

170 4673 204 4732 δι’
225 4674 255 4741 ἃς
269 4678 286 4743 ἡ
302 4673 376 4737 πόλις
398 4671 485 4731 πολλά
503 4675 554 4730 τῶν
578 4673 695 4751 ἀρχαίων
724 4674 941 4750 ἐπιτηδευμάτων

166 4763 305 4841 ἀπέμαθε,
335 4761 380 4821 σύν
409 4762 497 4843 χρόνῳ
521 4761 649 4838 ἐγένοντο.
696 4762 751 4822 ltet
778 4766 868 4838 θαῦμα
894 4762 941 4839 μέν

111 4877 140 4915 ει.
166 4858 241 4912 τοῦτο
256 4855 363 4917 πολλοῖς
375 4849 406 4910 ἀν
423 4843 489 4911 εἶναι
503 4850 584 4920 δόξειε
595 4849 628 4909 τδ
645 4851 733 4910 εἰκότα
745 4850 939 4929 λογισαμένοις,

165 4943 220 5006 πῶς
235 4945 284 5020 οὐχ
299 4941 381 4999 dcun*
403 4939 624 5022 ἐξιόαρόαρώθη,
650 4937 778 5007 Ὀπικούς
800 4942 822 4999 θ’
846 4941 943 5001 ὑποδι-

167 5025 265 5107 ξαμένη
287 5031 331 5087 καὶ
359 5029 483 5111 Μαρσοὺς
506 5030 550 5089 καὶ
576 5029 707 5095 Σαυνίτας
728 5029 774 5088 καὶ
795 5027 941 5108 Τυρρηνούς

165 5113 211 5172 καὶ
224 5116 371 5194 Βρεττίους,
391 5117 545 5199 Ὀμύρικῶν
560 5141 588 5177 τε
609 5116 655 5175 καλ
674 5117 781 5192 Λιγύων
797 5115 843 5175 καλ
865 5114 941 5186 'ibri-

166 5224 218 5284 ρων
243 5202 299 5282 [καὶ
318 5204 436 5287 Κελτῶν]
454 5207 550 5286 συχνδις
571 5205 711 5286 μυριάδας,
736 5203 806 5264 ἀλλα
821 5227 849 5263 τε
875 5203 941 5286 πρδς

1000 1338 1049 1390 leur
1068 1338 1189 1403 quadratu
1209 1339 1417 1405 circumscripsit,
1432 1341 1558 1407 bubusque
1568 1346 1629 1395 mari
1649 1350 1674 1396 ct
1687 1347 1776 1398 lemine

1000 1437 1048 1490 sub
1069 1439 1156 1489 eudem
1178 1438 1235 1504 iugo
1256 1441 1346 1492 iunctis
1368 1448 1513 1506 perpetuum
1534 1444 1630 1495 sulcum
1650 1447 1738 1510 duxit,
1751 1450 1779 1499 in

1000 1550 1049 1600 qno
1071 1537 1164 1587 moeuie
1185 1536 1333 1588 fundaturus
1356 1545 1417 1590 erat.
1464 1542 1534 1593 Unde
1557 1543 1624 1608 apud
1656 1549 1782 1598 Romanos.

1000 1632 1041 1684 bic
1057 1648 1111 1685 mos
1131 1634 1311 1687 circumfundi
1328 1639 1383 1689 loca
1402 1639 1428 1690 iu
1442 1640 1575 1692 condendis
1596 1643 1698 1694 urbibus
1718 1660 1777 1709 per·

1000 1738 1098 1789 rnansit.
1131 1739 1176 1789 llis
1188 1744 1270 1790 autern
1283 1742 1388 1805 peractis
1405 1747 1430 1793 et
1442 1748 1547 1806 utroque
1562 1746 1625 1797 bove
1635 1746 1777 1809 immolato,

1000 1835 1133 1899 multisque
1145 1836 1201 1887 aliis
1212 1837 1319 1889 victimis
1336 1839 1461 1900 mactatis,
1474 1841 1592 1903 populum
1606 1842 1638 1893 ad
1651 1858 1714 1908 opus
1731 1845 1776 1896 ad·

1001 1933 1087 1983 morit.
1121 1934 1193 1984 lianc
1205 1934 1272 1985 diem
1293 1935 1324 1985 ad
1337 1940 1447 1985 nostrum
1458 1951 1538 2000 usque
1553 1944 1652 1989 cuiatem
1673 1942 1779 2006 populus

999 2030 1123 2079 Romanus
1148 2031 1279 2094 quotannis
1298 2032 1405 2082 celebrat
1423 2045 1528 2096 eurnque
1552 2036 1573 2084 ei
1602 2050 1676 2099 quem
1700 2039 1775 2092 alium

999 2126 1065 2176 diem
1077 2126 1168 2176 testum
1188 2127 1212 2177 in
1233 2127 1324 2178 bonore
1342 2126 1430 2189 babet,
1452 2132 1571 2193 uocatque
1591 2132 1687 2181 Parilia.
1722 2136 1777 2183 lloc

1000 2228 1083 2274 autern
1102 2222 1142 2275 die
1163 2238 1208 2289 pro
1239 2223 1343 2275 fecundo
1363 2225 1551 2289 quadrupedum
1571 2233 1643 2292 perta
1661 2230 1781 2292 agricolas.

1000 2322 1025 2371 et
1038 2324 1148 2384 pastores
1161 2334 1218 2372 vere
1233 2320 1346 2381 ineunte,
1368 2325 1397 2372 ut
1409 2320 1457 2371 diis
1472 2325 1564 2388 gratim
1584 2328 1665 2386 agant,
1680 2328 1774 2377 sacriti-

1000 2417 1064 2468 cium
1086 2418 1187 2470 laciunt.
1219 2421 1311 2470 Utrum
1326 2433 1385 2470 vero
1405 2420 1471 2470 bunc
1487 2419 1553 2470 diem
1578 2421 1624 2471 iarn
1646 2427 1718 2473 antea
1732 2439 1780 2488 pu-

999 2513 1063 2566 bllca
1080 2515 1168 2567 laetitia
1192 2516 1328 2580 peregerint
1346 2521 1371 2567 et
1391 2503 1448 2568 ideo
1464 2517 1521 2567 urbi
1543 2517 1676 2569 condendos
1698 2522 1775 2585 aptis·

1000 2612 1091 2663 simum
1112 2612 1319 2674 existimaverint,
1342 2627 1372 2663 en
1388 2627 1446 2665 eum
1469 2614 1536 2679 quod
1567 2617 1625 2666 urbs
1651 2632 1681 2667 eo
1705 2620 1781 2671 condi·

999 2717 1079 2778 coepte
1099 2715 1131 2764 sit
1152 2716 1364 2776 enumeraverim,
1382 2720 1409 2766 et
1421 2715 1481 2766 dens
1500 2716 1641 2780 pastoribus
1658 2721 1782 2783 propitios

998 2829 1028 2865 eu
1041 2815 1158 2865 colendos
1180 2817 1335 2877 censuerint,
1359 2821 1427 2868 certo
1451 2819 1573 2869 affirmare
1588 2834 1635 2869 non
1659 2835 1771 2885 possum.

1029 2919 1157 2969 LXXXIX.
1173 2919 1234 2967 ilrec
1246 2917 1319 2981 igitur
1333 2923 1405 2980 suut,
1421 2933 1478 2984 qum
1494 2920 1525 2970 de
1539 2924 1703 2972 Romanorum
1716 2937 1778 2986 gen·

999 3009 1024 3057 to
1045 3005 1070 3056 in
1086 3006 1172 3057 multis
1190 3008 1332 3058 Graecorum
1353 3012 1378 3058 et
1396 3010 1561 3059 Romanorum
1582 3011 1680 3074 scriptis
1701 3027 1715 3061 a
1736 3027 1782 3065 mc

998 3115 1086 3165 magua
1101 3115 1160 3151 cura
1172 3102 1285 3165 perlectis
1301 3102 1408 3166 reperire
1418 3103 1496 3168 potui.
1523 3107 1676 3170 Quapropter
1693 3109 1777 3170 quivis

998 3198 1151 3249 confidenter
1166 3198 1257 3249 relictis
1272 3199 1317 3260 lis,
1333 3200 1375 3263 qui
1390 3203 1492 3252 Romam
1509 3202 1635 3254 hominum
1656 3205 1775 3257 barbaro·

999 3309 1053 3344 rum
1066 3300 1092 3345 et
1107 3295 1266 3358 lugitivorum
1278 3300 1304 3347 et
1314 3296 1367 3349 lare
1378 3298 1515 3349 carentium
1528 3301 1648 3364 retugium
1669 3301 1760 3352 iaciunt
1768 3340 1780 3363 „

998 3393 1105 3444 nltirmet
1125 3393 1189 3444 benc
1209 3394 1296 3446 urbem
1313 3398 1425 3447 Grmcam
1450 3409 1518 3460 esse,
1534 3398 1776 3449 demonstraus·eam

998 3495 1119 3543 omnium
1131 3493 1229 3544 urbium
1247 3498 1272 3544 ct
1284 3495 1508 3546 communissimam
1527 3500 1552 3546 ct
1572 3495 1775 3548 humanissimam

999 3601 1052 3639 esse
1077 3609 1083 3640 ι
1119 3590 1277 3641 considerans
1306 3591 1463 3656 Aboriginum
1492 3595 1588 3656 gentem
1622 3595 1780 3645 (linotricam

998 3686 1083 3751 tuisse,
1105 3687 1169 3738 hanc
1182 3701 1241 3738 vern
1254 3688 1406 3750 Arcadicam,
1428 3693 1454 3740 et
1467 3690 1584 3739 memoria
1599 3696 1713 3754 repetens
1732 3694 1776 3742 Pe·

998 3786 1087 3851 lasgos,
1102 3787 1213 3851 quicum
1224 3787 1256 3837 iis
1267 3787 1428 3849 babitabant,
1440 3788 1564 3838 Thessalia
1579 3789 1664 3839 relicta
1681 3789 1712 3838 ab
1729 3796 1774 3839 Αι-

997 3879 1060 3942 givis
1078 3878 1195 3930 oriundos
1215 3879 1240 3928 in
1254 3879 1350 3929 ltaliam
1375 3879 1486 3939 venisse;
1511 3879 1619 3941 itemque
1641 3880 1775 3930 adveutum

998 3972 1104 4023 Evandri
1122 3975 1148 4022 et
1168 3973 1300 4031 Arcadum,
1314 3972 1357 4036 qui
1369 3974 1394 4023 in
1405 3972 1517 4022 Palantio
1528 3972 1685 4033 babitabant,
1701 3986 1773 4035 quem

998 4066 1079 4117 locum
1101 4064 1245 4128 Aborigines
1263 4065 1322 4130 ipsis
1347 4064 1482 4127 dederant3
1510 4070 1630 4130 praeterea
1656 4067 1774 4130 Pelopon-

997 4159 1093 4219 nesios,
1106 4158 1218 4222 quicum
1238 4160 1344 4209 llercule
1355 4163 1477 4210 venerunt
1487 4162 1511 4209 et
1533 4158 1560 4208 in
1576 4158 1637 4208 colle
1659 4160 1775 4209 Saturnio

997 4253 1152 4315 babitabant;
1163 4252 1269 4316 denique
1281 4252 1336 4303 illos
1346 4253 1389 4317 qui
1401 4266 1433 4302 ex
1444 4265 1502 4316 agro
1514 4254 1618 4303 Troiano
1627 4252 1772 4315 migrarunt,

998 4349 1023 4396 et
1046 4360 1102 4396 cum
1128 4346 1251 4409 prioribus
1281 4343 1457 4395 miscebantur.
1497 4345 1543 4393 llis
1566 4342 1631 4392 euim
1658 4343 1772 4406 gentibus

996 4441 1088 4491 nullam
1106 4441 1179 4491 aliam
1199 4444 1243 4490 aut
1264 4437 1426 4501 antiquiorem
1444 4441 1487 4486 aut
1509 4437 1586 4499 magis
1604 4436 1715 4487 Graecnm
1735 4448 1773 4486 re·

996 4535 1075 4599 perire
1098 4534 1195 4598 poterit.
1229 4533 1390 4584 barbarorum
1405 4544 1464 4582 vern
1478 4529 1638 4591 commercia,
1662 4529 1773 4593 obque

996 4637 1101 4702 populus
1113 4638 1238 4686 Romanus
1248 4636 1326 4686 multa
1338 4635 1418 4700 prisca
1432 4633 1547 4684 instituta
1561 4628 1680 4682 dedidicit
1692 4632 1773 4682 multo

995 4740 1052 4799 post
1071 4735 1222 4785 ecciderunt.
1256 4738 1337 4799 Atque
1356 4734 1403 4784 boc
1420 4732 1504 4783 multis
1533 4729 1675 4781 verisimilia
1698 4743 1769 4794 repu-

996 4833 1107 4885 tantibus
1133 4833 1226 4884 mirum
1246 4833 1326 4884 rideri
1345 4831 1438 4897 possit,
1462 4830 1585 4894 quomodo
1607 4844 1655 4880 nou
1675 4829 1776 4894 penitus
1852 4866 1858 4877 .

997 4928 1098 4983 barbara
1120 4926 1215 4978 reddita
1235 4928 1316 4986 tuerit,
1337 4926 1442 4990 receptis
1461 4925 1553 4990 opicis,
1568 4925 1665 4984 llersis,
1678 4922 1771 4973 Samni-

996 5029 1076 5087 tibus,
1098 5023 1223 5083 Etruscis,
1240 5019 1354 5081 Bruttiis,
1369 5017 1503 5081 mulitsque
1514 5016 1676 5075 Umbrorum,
1698 5014 1771 5077 Ligu·

996 5134 1068 5180 rum,
1091 5117 1217 5168 iberorum
1239 5112 1351 5174 milibus,
1376 5114 1403 5161 et
1419 5110 1474 5161 aliis
1494 5112 1615 5175 praeterea
1639 5105 1775 5172 gentibus,

995 5210 1085 5277 partim
1101 5223 1133 5262 ox
1141 5208 1194 5275 lpse
1203 5206 1274 5258 ltetia
1287 5205 1375 5272 parlim
1387 5217 1419 5255 ex
1428 5202 1481 5254 aliia
1496 5200 1556 5253 locis
1569 5199 1702 5252 innumeris
1711 5212 1771 5248 con·
