3772 5828
126 1312 153 1354 10

127 1754 154 1795 lt

128 2200 158 2244 w

130 3541 157 3581 :lt

126 3973 154 4013 ⁴0

126 4412 152 4451 ib

176 379 235 440 372

179 535 192 560 ι
209 505 380 583 ὑπομένοντος
406 504 434 563 δέ
456 508 502 561 τοῦ
525 503 617 581 ἀνδρὸς
638 500 682 559 τὸν
706 504 867 580 φενακισμὸν
895 496 954 557 οὐδέ

179 624 193 649 ιι
208 595 258 666 τὴν
281 592 410 674 αἰσχύνην
432 596 479 650 τοῦ
504 592 599 671 ἔργου,
630 587 687 647 ἀλλΙ
708 586 900 665 εἰσενέγκαντος
918 587 954 653 είς

180 711 193 736 ιι
208 679 257 754 τήν
271 682 348 741 πόλιν
370 681 404 741 τά
421 687 520 756 σημεῖα
543 679 588 738 καί
611 675 746 756 διαφέντος
760 675 804 733 ἐπὶ
818 672 852 732 τά
870 675 953 732 οἰκεῖα

181 799 194 825 ιι
208 769 257 837 τίς
269 770 405 847 δυνάμεις,
435 767 565 849 πρόφασιν
589 767 764 840 ποιησάμενοι
787 763 887 833 ταύτην
907 765 955 821 τοῦ

181 887 194 913 ιι
212 859 249 937 μή
272 858 306 917 τά
329 859 418 917 δίκαια
443 865 542 929 ποιεῖν,
567 858 657 914 τοῦτον
684 851 831 931 ὁόρίσατε,
855 853 907 910 τῶν
926 849 954 909 δέ

181 978 194 1001 ιι
210 946 274 1027 πρὸς
286 950 357 1023 ἡμᾶς
371 947 515 1024 ὁμολογιῶν
537 943 661 1020 οὐδεμίαν
677 939 840 1017 ἐφυλάξατε,
856 938 915 996 ἀλλ’
929 940 956 1001 ἐν

182 1063 194 1089 s
211 1040 249 1114 τῷ
262 1038 335 1114 αὐτῷ
349 1034 410 1112 τρία
423 1032 457 1092 τά
472 1032 585 1108 μέγιστα
600 1030 820 1109 παρενομήσσιτε,
837 1027 867 1086 τό
882 1024 957 1094 ἀξίω-

181 1153 193 1179 α
211 1150 250 1204 μα
262 1128 309 1196 τῆς
332 1125 428 1203 βουλῆς
449 1118 644 1183 καταλύσαντες
668 1117 712 1175 καί
736 1115 786 1186 τήν
801 1113 890 1173 πίστιν
910 1117 956 1172 τού

182 1239 194 1265 o
211 1210 302 1292 ἀνδρὸς
313 1208 519 1290 διαφθείραντες,
540 1206 586 1265 καί
601 1211 655 1270 τοῖς
668 1200 816 1283 εὐεργέταις
830 1201 955 1271 ἀνόνητον

182 1328 194 1354 ι
211 1300 370 1373 ποιήσαντες
384 1296 433 1369 τήν
454 1296 532 1377 χάριν
542 1297 595 1353 τῶν
608 1291 704 1352 πόνων.
757 1292 852 1349 Ταῦτα
865 1289 897 1360 δή
911 1286 957 1347 καί

181 1416 195 1442 ι
211 1389 281 1450 ἀλλα
290 1387 355 1466 πρὸς
368 1383 469 1452 τούτοις
483 1382 562 1461 ὁμοια
576 1378 665 1442 πολλά
679 1379 781 1460 ἔχοντες
793 1373 878 1455 λέγειν
893 1374 958 1455 πρὸς

181 1502 194 1528 ι
211 1478 298 1551 ὑμᾶς,
313 1476 360 1533 οὐκ
371 1471 502 1549 ἀξιοῦμεν,
516 1461 701 1548 ιύπατρίκιοι,
716 1466 781 1546 πρὸς
796 1464 897 1532 ἱκεσίας
911 1465 957 1523 καί

181 1591 194 1616 «ι
212 1563 313 1635 δεήσεις
327 1565 401 1637 ὑμῶν
415 1559 580 1640 τραπέσθαι,
596 1555 656 1617 οὐδέ
676 1553 766 1635 ὥσπερ
786 1555 811 1613 σί
826 1552 860 1611 τά
884 1552 957 1612 δεινά

182 1650 367 1730 «δεδρακότες
392 1652 433 1709 ἀπ’
453 1647 528 1728 ἀδείφ
542 1646 586 1706 καί
604 1643 738 1724 ἀμνηστίᾳ
757 1642 867 1701 κάθοδον
884 1641 956 1718 λαμ·

183 1765 196 1793 ι
214 1738 312 1801 όάνειν.
357 1739 398 1799 Οὐ
418 1735 470 1816 μὴν
492 1733 720 1815 ἀκριόολογεῖσθαί
734 1754 765 1812 γε
783 1727 956 1810 περὶτούτων

183 1826 240 1884 «ἐν
259 1829 299 1907 τῷ
311 1825 421 1906 παρόντι
435 1823 543 1902 οἰόμεθα
560 1826 675 1903 χρῆναι,
692 1818 783 1889 ἱπειδίΙ
805 1816 866 1895 περὶ
889 1819 957 1892 ὁμο-

183 1938 195 1966 a
211 1911 282 1981 νοίας
296 1911 473 1990 διαλεξόμενοι
494 1910 718 1985 συνεληλύθαμεν,
773 1902 829 1963 ἀιλ’
844 1903 956 1985 ἀμελείᾳ

182 2028 195 2056 ι
211 2002 257 2062 καί
269 2001 338 2078 λήθη
358 2000 521 2082 παραδόντες
536 2000 604 2059 αὐτὰ
618 1996 742 2078 φέρομεν.

219 2091 374 2153 LXXVlll.
394 2117 405 2142 ι
419 2088 479 2169 Ἐφ’
490 2078 529 2154 οἷς
543 2086 571 2146 δέ
581 2083 739 2166 πρεσόεύετε
754 2081 800 2141 καὶ
810 2080 888 2140 τίνων
899 2080 955 2140 δεό-

184 2206 196 2232 a
215 2202 289 2256 μενοι
301 2178 394 2251 ἥκετε,
407 2176 433 2235 τί
448 2177 478 2234 οὐ
490 2175 581 2254 λέγετε
592 2175 725 2256 φανερῶςς
746 2170 790 2231 ἐπὶ
803 2169 890 2235 ποίαις
908 2172 954 2230 ἐλ-

184 2292 197 2317 n
213 2266 272 2326 πίσι
285 2267 419 2324 κατελθεῖν
441 2268 511 2339 ἡμᾶς
526 2266 562 2330 εἰς
580 2263 628 2332 τὴν
649 2259 725 2318 πόλιν
744 2256 862 2330 ἀξιοῦτες
876 2257 955 2317 ποίαν

183 2381 196 2406 ιι
213 2354 330 2432 ἡγεμόνα
343 2356 389 2424 τῆς
402 2354 463 2411 ὁδοῦ
478 2350 609 2418 λαόόντας
623 2348 723 2427 τύχην,
743 2347 809 2413 τίνος
832 2345 955 2414 ὑποδεξο-

184 2444 293 2521 ιιμένης
318 2445 391 2519 ἡμᾶς
414 2439 537 2518 εὐθυμίας
563 2436 699 2519 ἣχαράς,
726 2433 799 2494 οὐδέν
820 2435 872 2515 γάρ
893 2433 955 2515 ἀχρι

184 2533 290 2592 «τοῦδε
312 2530 494 2612 φιλάνθρωπον
509 2531 581 2604 ὑμῶν
606 2524 624 2598 ἢ
645 2525 762 2606 χρηστὸν
785 2523 955 2603 προτεινομέ-

184 2646 264 2680 ινων
286 2618 434 2693 ἀκούομεν,
457 2617 487 2675 οὐ
507 2614 587 2694 τιμάς
604 2615 652 2675 οὐκ
672 2613 754 2694 ἀρχὰς
775 2612 821 2671 οὐκ
841 2612 954 2692 ἐπανόρ-

184 2737 198 2761 ιι
214 2716 292 2768 θωσιν
307 2707 429 2786 ἀπορίας,
439 2707 486 2764 οὐκ
501 2703 567 2764 ἀλλο
580 2706 670 2770 ἁπλῶς
680 2701 740 2762 οὐδὲ
754 2704 848 2762 ὁτιοῦν.
860 2700 955 2760 Καίτοι

184 2827 197 2851 ιι
214 2801 244 2858 οὐ
266 2797 351 2877 λέγειν
380 2801 449 2874 ὑμᾶς
474 2797 555 2875 ἐχρῆν
577 2797 594 2852 ἀ
619 2794 728 2871 μέλλετε
759 2791 861 2867 ποιεῖν,
887 2788 956 2849 ἀλλά

184 2915 197 2941 ιι
213 2884 375 2959 ποιήσαντας
388 2885 492 2964 λέγειν,
511 2881 555 2942 ἵνα
577 2882 762 2963 προειληφότες
788 2880 840 2959 ήδη
861 2902 888 2937 τι
906 2879 955 2958 ἐρ-

186 2999 259 3053 ιγον
274 2977 320 3033 ἀπ’
344 2974 443 3039 εὐνοίας
465 2970 603 3047 γενόμενον
621 2968 667 3026 καί
689 2967 723 3026 τὰ
744 2968 823 3024 λοιπὰ
846 2971 956 3026 τοιαῦτα

186 3062 320 3123 τίσεσθαι
342 3060 500 3134 εἰκάσωμεν.
555 3056 655 3130 Οίομαι
676 3054 762 3114 τοίνυν
784 3054 848 3132 πρὸς
872 3059 956 3113 ταῦτα

185 3152 281 3231 «ἐρεῖν
304 3147 413 3216 αὐτούς,
429 3145 469 3204 ὁτι
491 3144 551 3222 περί
573 3143 680 3201 πάντων
706 3142 813 3210 ἥκουσιν
829 3141 958 3219 αὐτοκρά-

186 3262 301 3319 ιιτορες,
322 3237 390 3296 ὥστε
410 3233 426 3293 ό
447 3258 473 3292 τι
496 3233 528 3292 ἀν
551 3232 683 3305 πείσωμεν
704 3227 850 3303 ἀλλήλους,
877 3234 955 3290 τοῦτο

185 3327 288 3387 «ἐσται
313 3326 410 3407 κύριον.
437 3321 529 3384 Ἔστω
554 3322 629 3378 ταῦτ’
654 3320 749 3390 ἀληθῆ·
772 3317 901 3395 γιγνέσθω
922 3318 956 3377 τίι

185 3419 346 3477 «ἀκόλουθα
370 3414 482 3479 τούτοις·
498 3411 571 3470 οὐδὲν
590 3409 728 3485 ἀντιλέγω.
772 3407 907 3485 Βούλομαι
929 3408 956 3467 δὲ

186 3533 198 3560 ι
215 3506 249 3566 τίι
264 3508 331 3582 μετὰ
343 3509 426 3561 ταῦτα
444 3498 556 3577 ἐσόμενα
570 3499 634 3579 παρ’
651 3500 737 3556 αὐτῶν
756 3499 864 3572 μαθεῖν,
880 3499 956 3555 ἐπει-

186 3619 198 3645 ιι
215 3592 391 3667 terrisono
408 3595 484 3665 ἡμεῖς
502 3589 542 3668 ἐφ’
555 3577 593 3653 οἷς
616 3583 739 3662 ἀξιοῦμεν
759 3584 890 3644 ποιεῖσθαι
908 3583 956 3656 τὴν

185 3681 339 3752 «κάθοδον,
359 3677 406 3738 καί
429 3680 588 3757 συγχωρηθῇ
607 3680 692 3732 ταῦτα
718 3674 769 3732 ὐπὸ
791 3672 902 3747 τούτων,
920 3674 958 3741 τίς

185 3793 198 3820 ιι
215 3769 343 3847 ἐγγυητὴς
362 3766 436 3826 ἔσται
450 3771 502 3826 τῶν
516 3766 660 3840 ὁμολογιῶν
679 3766 759 3838 ήμῖν;
777 3762 827 3820 τίνι
846 3761 957 3821 πιστεύ-

187 3882 199 3908 σ
216 3880 306 3923 σαντες
320 3856 450 3936 ἀσφαλείᾳ
464 3856 497 3914 τὰ
510 3853 582 3912 ὁπλα
595 3850 710 3925 θήσομεν
730 3853 760 3908 ἐκ
775 3853 827 3908 τῶν
846 3854 957 3929 χειρῶν,

185 3970 197 3994 s
215 3944 260 4003 καί
274 3945 476 4019 καταστήσομεν
499 3933 572 4008 αὐθις
593 3941 628 4005 εἰς
647 3938 695 4007 τήν
715 3937 813 3996 τούτων
839 3936 957 4004 ἐξουσίαν

183 4058 196 4082 ιι
212 4031 246 4088 τίι
266 4032 396 4107 σώματα;
423 4034 530 4110 πότερον
554 4038 609 4094 τοῖς
631 4026 785 4107 ψηφίσμασι
798 4028 845 4095 τῆς
860 4025 954 4103 βουλῆς

183 4126 265 4184 ιιτοῖς
278 4123 345 4178 ὁτὲ)
368 4120 467 4179 τούτων
488 4113 711 4198 γραφησομένοις,
736 4114 765 4172 οὐ
789 4111 840 4191 γάρ
867 4112 899 4183 δὴ
912 4135 956 4189 γε·

182 4234 194 4259 ιι
211 4207 387 4294 γραμμένοις;
400 4209 446 4271 καί
455 4214 480 4270 τί
497 4206 578 4264 πάλιν
597 4201 711 4261 κωλύσει
736 4200 831 4281 ἑτέροις
846 4203 954 4280 ἀκυρω-

182 4321 194 4349 ιι
212 4300 288 4367 θῆναι
306 4307 389 4354 ταῦτα
413 4299 599 4377 ψηφίσμασιν,
630 4291 693 4351 ὁταν
714 4288 814 4370 Ἀππίῳ
839 4288 884 4347 καί
903 4299 956 4357 τοῖς

181 4410 194 4434 ι
213 4385 290 4459 ὅμοια
314 4389 448 4465 φρονοῦσιν
471 4382 562 4463 ἐκείνῳ
584 4386 674 4461 φανῇς
699 4379 717 4449 ἢ
741 4386 796 4447 τοῖς
823 4377 954 4454 ἀξιώμασι

181 4497 193 4522 ιι
211 4476 263 4529 τῶν
278 4473 463 4554 πρεσόευτῶν,
480 4471 504 4530 οἳ
524 4470 571 4538 τδις
588 4472 687 4528 έαυτῶν
708 4469 870 4548 παρέχονται
893 4467 955 4526 πίσ-

182 4587 194 4613 ιι
210 4584 280 4635 τεις,
297 4561 365 4620 ἀλλά
388 4559 431 4618 διὰ
450 4565 502 4619 τῶν
518 4561 619 4640 ἀνδρῶν
637 4559 735 4617 τούτων
759 4557 804 4616 καί
829 4554 954 4636 πρότερον

181 4680 193 4704 ιι
212 4657 282 4729 ἡμᾶς
297 4652 476 4724 ἐξηπάτησαν.
518 4648 558 4709 Ἢ
576 4658 634 4717 ταῖς
649 4650 691 4709 ἐπὶ
712 4650 764 4706 τῶν
780 4650 844 4706 θεῶν
860 4649 955 4722 ὁμολο-

181 4768 192 4791 ιι
210 4741 278 4819 γίαις
302 4743 335 4801 δι’
360 4742 443 4821 ὁρκων
469 4736 502 4796 τά
522 4739 603 4797 πιστὰ
634 4738 806 4816 πορισάμενοι
827 4732 890 4811 παρ’
905 4735 955 4790 αὐ·

182 4857 193 4881 ν
210 4836 278 4903 τῶν;
306 4832 365 4891 ἀλλ’
393 4830 476 4907 ἐγωγε
498 4826 564 4908 ὑπὲρ
584 4826 692 4885 άπασαν
716 4825 803 4884 πίστιν
825 4820 956 4900 ἀνθρωπί·

184 4943 195 4965 «
211 4941 257 4990 νην
272 4921 369 4993 ταύτην
387 4920 505 4992 δέδοικα,
521 4917 554 4990 ἣν
565 4916 616 4975 ὑπὸ
631 4919 682 4975 τῶν
697 4917 724 4973 ἐν
735 4923 792 4980 ταῖς
807 4908 955 4990 ἡγεμονίαις

185 5031 195 5053 ι
220 5005 300 5063 ὄντων
323 5008 571 5088 καταφρονουμένην
594 5008 656 5083 ὁρῶ·
680 5001 727 5061 καί
742 5001 789 5069 τὰς
818 4996 955 5063 ἀκουσίους

184 5120 194 5141 ιι
213 5092 356 5165 συμύἀσεις
372 5104 425 5162 τοῖς
445 5097 536 5174 ἄρχειν
552 5092 652 5161 ἀξιοῦσι
671 5091 736 5170 πρὸς
760 5087 820 5153 τούς
849 5087 954 5144 ἐλευθε-

183 5209 194 5232 ι
213 5180 269 5261 φίας
278 5184 529 5260 μεταποιουμένους,
541 5182 570 5240 οὐ
583 5183 627 5237 νῦν
640 5182 743 5256 πρῶτον
756 5176 825 5237 ἀλλά
834 5172 880 5235 καί
890 5174 955 5232 πολ·

690 367 859 432 DIONYSll
883 366 1262 430 HALICARNASSENSIS

1011 526 1024 550 ιι
1038 518 1118 570 neom
1130 507 1203 558 istius
1217 507 1275 559 lacti
1295 507 1417 567 dedecus,
1428 507 1472 558 sed
1490 507 1575 560 ruatis
1586 513 1613 561 in
1633 514 1718 564 urbem
1735 517 1788 580 sig·

1011 613 1024 637 ιι
1038 592 1077 643 πίε
1095 594 1230 645 exercitum
1251 593 1278 643 in
1294 606 1353 643 suas
1370 591 1460 644 domos
1481 593 1633 658 dimisisset,
1644 596 1708 649 banc
1727 613 1786 665 spe·

1009 700 1022 724 ιι
1040 681 1134 734 domm
1146 683 1212 732 nacti
1224 695 1352 742 caueam,
1366 693 1397 731 ne
1414 681 1481 733 iusta
1497 682 1625 747 luceretis,
1635 686 1710 737 latum
1722 701 1787 739 con-

1010 789 1023 814 ι
1036 771 1138 822 turnebu
1157 769 1290 832 affecistis,
1304 774 1329 821 et
1347 769 1408 821 nihil
1425 784 1513 822 eorum
1532 786 1590 836 que
1609 775 1680 827 nubta
1692 779 1787 842 promi·

1010 882 1023 904 ι
1038 861 1126 912 εαεεῑῖε
1148 862 1313 926 ριωεῑῖιίειῖε,
1333 863 1377 912 sed
1389 877 1439 914 uno
1459 862 1508 914 boo
1521 865 1588 918 lacto
1608 867 1648 919 ius
1658 869 1789 935 tripliciter

1010 970 1022 994 ιι
1037 948 1182 1015 gravissime
1198 951 1322 1011 violastis,
1338 952 1435 1003 sublata
1456 959 1557 1005 senatus
1575 955 1696 1020 dignitate
1710 962 1790 1025 utque

1010 1061 1023 1086 ι
1041 1043 1202 1092 auctoritate
1209 1041 1287 1092 tracta
1295 1041 1424 1092 hninsriri
1433 1043 1482 1095 lide
1488 1060 1518 1097 ac
1528 1047 1670 1098 bominibus
1684 1050 1747 1102 bene
1759 1049 1791 1103 de

1011 1152 1024 1176 ι
1039 1131 1109 1182 robis
1121 1131 1216 1182 meritis
1229 1131 1306 1182 relata
1321 1131 1474 1186 infructuosa
1488 1135 1601 1188 laborum
1620 1138 1707 1202 gratia.
1725 1141 1790 1190 cnm

1013 1239 1026 1265 ι
1040 1219 1116 1284 igitur
1127 1220 1180 1270 heo
1202 1223 1228 1271 et
1241 1219 1319 1271 mulla
1336 1220 1384 1272 alia
1403 1223 1443 1274 bis
1462 1225 1550 1277 simssla
1568 1227 1656 1288 robis,
1677 1211 1806 1293 patricii‚'

1011 1329 1023 1353 ιι
1038 1308 1146 1374 objicere
1166 1323 1309 1375 possemus,
1326 1310 1452 1364 noluimus
1477 1329 1523 1366 ros
1545 1317 1689 1382 suppliciter
1701 1332 1788 1378 orare,

1010 1417 1024 1443 ι
1038 1410 1118 1463 neque
1138 1400 1247 1463 precari,
1266 1412 1346 1463 neque
1371 1400 1464 1463 ettam,
1489 1405 1561 1467 quasi
1589 1405 1690 1471 aliquod
1709 1406 1791 1457 scelus

1010 1504 1024 1540 ιι
1037 1489 1109 1535 atrox
1119 1485 1283 1549 patuerimus,
1297 1486 1450 1551 impunitatis
1464 1491 1490 1541 et
1500 1489 1631 1544 oblivionis
1643 1492 1790 1542 iniuriarum

1011 1574 1219 1626 «munitionibus
1240 1575 1377 1640 impetratis
1402 1576 1492 1630 redire.
1537 1582 1711 1632 Veruntamen
1732 1580 1789 1630 dili·

1012 1682 1024 1707 ι
1038 1663 1135 1727 gentim
1149 1662 1180 1714 de
1196 1663 1236 1713 bis
1249 1663 1273 1713 in
1286 1664 1414 1728 presentia
1431 1665 1604 1720 disserendum
1619 1683 1666 1720 non
1685 1667 1790 1718 arbitra-

1011 1771 1024 1796 ι
1038 1764 1102 1813 mur,
1119 1752 1235 1815 quonium
1255 1753 1334 1802 acturi
1347 1752 1378 1804 de
1400 1766 1461 1819 pace
1481 1760 1507 1807 et
1520 1757 1651 1810 concordia
1672 1756 1788 1808 conveni·

1011 1858 1022 1882 ι
1037 1852 1111 1889 mus:
1127 1839 1171 1890 sed
1186 1853 1216 1890 ea
1233 1838 1378 1905 negligimus
1393 1844 1419 1892 et
1435 1843 1553 1897 oblivioni
1574 1846 1696 1898 tradimus
1713 1849 1789 1908 atque

1010 1946 1023 1970 ι
1038 1940 1111 1991 equo
1123 1927 1204 1979 enimn
1216 1928 1281 1979 terre
1297 1929 1412 1980 volumus

1042 2099 1166 2153 Lllllvlll
1193 2117 1206 2142 ι
1223 2099 1289 2155 Quin
1306 2097 1382 2160 igitur
1394 2103 1477 2165 aperte
1489 2101 1572 2153 dicitis
1583 2117 1641 2167 quse
1651 2106 1684 2157 sit
1699 2112 1791 2160 vestras

1011 2194 1166 2260 «legationis
1185 2209 1289 2256 caussa,
1309 2199 1336 2248 et
1360 2197 1420 2261 quitl
1440 2197 1539 2263 petituri
1564 2201 1699 2253 veneritis?
1718 2207 1790 2262 Qua·

1012 2307 1025 2332 ι
1040 2300 1100 2338 nam
1110 2289 1233 2353 pmposita
1247 2302 1290 2353 spe
1301 2289 1327 2339 in
1347 2288 1433 2341 urbem
1446 2304 1491 2341 συσ
1501 2290 1581 2343 redire
1600 2293 1695 2345 vultis?
1713 2311 1788 2358 quarn

1013 2402 1025 2427 ιι
1040 2383 1164 2436 torinnam
1176 2384 1224 2434 rie
1233 2384 1324 2434 ducem
1339 2386 1455 2435 secutos?
1465 2398 1515 2450 qua
1525 2384 1625 2449 letitia,
1637 2402 1688 2452 quo
1699 2392 1790 2454 garneio

1013 2493 1026 2517 ι
1040 2473 1212 2539 excipiendos?
1230 2474 1296 2525 llihil
1309 2474 1375 2525 enim
1393 2474 1465 2526 nobis
1479 2477 1579 2529 humani
1597 2483 1640 2530 aut
1656 2479 1754 2546 benigni
1777 2496 1792 2533 ε

1013 2565 1214 2617 «submoueri
1239 2567 1357 2618 hactenus
1380 2568 1537 2629 audirimus,
1571 2571 1651 2623 nullos
1675 2573 1792 2630 bonores.

1014 2659 1123 2710 «nullos
1138 2660 1309 2725 magistratus,
1325 2659 1419 2712 nullum
1437 2662 1525 2727 inopina
1537 2663 1666 2727 levamen;
1686 2665 1793 2732 denique

1015 2750 1106 2802 anihil
1127 2752 1210 2812 aliud,
1231 2766 1262 2803 ne
1283 2753 1322 2803 vel
1344 2752 1472 2804 minimum
1491 2754 1602 2818 quidem.
1635 2762 1791 2822 Quamquam

1016 2859 1028 2890 ιι
1042 2856 1091 2893 non
1101 2844 1230 2908 oportebat
1241 2858 1286 2895 νοε
1299 2844 1361 2908 quid
1381 2844 1471 2897 tacturi
1490 2845 1546 2897 sitis
1562 2847 1645 2902 dicere
1656 2887 1664 2910 ‚
1676 2851 1719 2900 sed
1733 2865 1790 2914 quae

1015 2956 1027 2980 ι
1043 2934 1165 2996 lecerius,
1183 2941 1211 2986 ut
1230 2940 1332 3001 accepto
1347 2936 1397 2987 iam
1418 2940 1476 2988 ante
1491 2938 1574 3003 aliquo
1588 2940 1731 2992 beneticioa
1745 2942 1790 2993 be·

1016 3026 1179 3077 anerolenlia
1194 3030 1287 3087 uestra,
1307 3027 1363 3078 inde
1374 3027 1406 3080 de
1422 3028 1513 3080 ceteris
1526 3031 1692 3084 coniecturum
1709 3034 1791 3085 lacere

1015 3133 1028 3163 ιι
1045 3117 1174 3181 possimus.
1206 3118 1255 3168 Sed
1278 3119 1383 3168 arbitmr
1397 3132 1441 3171 eos
1457 3119 1565 3172 tortasse
1580 3123 1610 3173 ad
1623 3122 1678 3175 bec
1696 3139 1794 3189 respon-

1015 3220 1129 3268 «suros,
1144 3222 1171 3259 se
1186 3222 1244 3258 cnm
1258 3222 1355 3260 summa
1368 3224 1398 3260 ac
1412 3211 1488 3263 libera
1509 3226 1593 3263 rernm
1614 3217 1723 3267 omnium
1745 3231 1790 3281 po·

1015 3300 1132 3349 ιῑεεθιίσ
1152 3300 1247 3360 venire,
1270 3301 1304 3351 ita
1317 3307 1345 3353 ul
1367 3301 1489 3365 quidquid
1508 3302 1580 3354 alteri
1592 3305 1676 3357 alteris
1693 3321 1792 3370 persua·

1015 3420 1027 3449 ι
1041 3401 1161 3455 sommus,
1175 3401 1199 3450 id
1217 3401 1249 3450 sit
1264 3404 1346 3451 ratum
1365 3401 1485 3451 luterum.
1532 3401 1658 3452 radamus
1670 3403 1724 3454 σεο
1735 3417 1792 3455 esse

1016 3507 1100 3545 svera
1121 3510 1128 3542 ι
1149 3492 1312 3557 respondeant
1328 3491 1393 3542 lacta
1413 3491 1517 3542 verbis:
1538 3491 1596 3543 nibil
1615 3497 1701 3544 contra
1723 3494 1791 3557 dico,

1015 3601 1027 3631 ιι
1041 3583 1090 3634 Sed
1098 3597 1154 3647 que
1163 3588 1249 3649 postea
1258 3584 1308 3633 sint
1319 3586 1450 3644 eventura,
1461 3583 1575 3650 cupioea
1588 3583 1637 3635 illis
1647 3585 1792 3650 inlelligere.

1016 3692 1028 3724 ιι
1045 3675 1159 3726 videlicet
1177 3675 1219 3726 ubi
1239 3690 1283 3726 nos
1311 3676 1447 3727 dixerimus
1469 3676 1637 3738 conditiones,
1660 3678 1751 3742 qulbus
1767 3679 1793 3729 in

1015 3789 1027 3813 ιι
1043 3769 1145 3833 patriam
1161 3768 1265 3818 volimus
1279 3766 1377 3827 redire,
1391 3771 1417 3817 et
1428 3765 1483 3816 hec
1494 3769 1577 3815 nostra
1590 3767 1712 3830 pustulata
1723 3767 1793 3818 nobis

1015 3861 1133 3911 «luerint
1152 3873 1280 3918 concessa,
1304 3860 1361 3922 quis
1378 3859 1427 3911 erit
1447 3857 1516 3908 nobis
1536 3857 1656 3921 pactionis
1673 3864 1793 3924 sponsor?

1014 3970 1027 4000 ι
1041 3965 1091 4016 qua
1108 3950 1222 4000 cautione
1238 3950 1295 4001 laeti
1306 3965 1376 4001 arma
1394 3950 1426 4002 (le
1439 3951 1552 4002 manibus
1571 3964 1705 4017 ponemus,
1717 3953 1792 4011 atque

1014 4062 1026 4092 ι
1041 4046 1131 4095 iterim
1141 4044 1230 4095 bomm
1241 4046 1356 4110 potestati
1371 4060 1416 4096 nos
1426 4046 1630 4096 committemus?
1643 4046 1727 4094 utrum
1749 4055 1791 4093 se-

1014 4165 1026 4194 ι
1042 4143 1242 4201 natusoousultis,
1256 4155 1314 4207 quae
1325 4139 1357 4191 de
1372 4139 1410 4190 bis
1424 4139 1505 4190 flent?
1518 4139 1527 4203 (
1539 4141 1599 4189 llam
1614 4136 1724 4188 nondum
1734 4140 1793 4189 sunt

1013 4246 1123 4303 efacta.)
1157 4246 1188 4293 At
1209 4240 1269 4304 quid
1292 4238 1384 4288 velabit
1404 4238 1458 4288 brac
1477 4238 1567 4288 iterum
1591 4235 1663 4285 noris
1682 4236 1792 4284 senatus

1013 4363 1024 4385 ιι
1039 4341 1157 4392 consultis
1171 4340 1238 4389 irrita
1251 4338 1317 4393 sieri,
1331 4337 1373 4386 nbi
1387 4336 1463 4401 Appio
1476 4340 1502 4386 et
1512 4333 1612 4399 reliquis
1620 4331 1732 4383 eiusdem
1744 4330 1793 4382 lac·

1013 4453 1025 4481 ιι
1040 4434 1113 4484 tionis
1123 4432 1262 4482 hominibus
1280 4432 1315 4480 ila
1330 4428 1446 4494 placuerit
1458 4433 1468 4477 ἓ
1479 4430 1516 4476 Au
1526 4425 1663 4490 legatorum
1679 4422 1792 4487 dignitati

1013 4549 1025 4571 ι
1040 4528 1083 4591 qui
1104 4525 1178 4576 tidem
1195 4540 1265 4574 suam
1281 4523 1459 4587 interponunt?
1480 4519 1556 4583 Atqui
1576 4518 1666 4568 borum
1679 4528 1752 4579 opera
1766 4518 1794 4566 et

1013 4645 1025 4669 ιι
1040 4626 1096 4674 ante
1109 4622 1144 4672 illi
1158 4635 1203 4670 nos
1214 4620 1374 4681 deceperunt.
1413 4622 1449 4666 An
1471 4612 1656 4678 sponsionibus,
1671 4624 1734 4676 quas
1751 4609 1792 4658 lu·

1013 4714 1169 4767 nrisiurandi
1192 4712 1307 4776 religione
1328 4709 1486 4772 interposita,
1504 4706 1552 4755 diis
1573 4704 1679 4755 testibus
1700 4701 1793 4767 quassi·

1014 4806 1168 4858 aveamus?
1195 4807 1225 4853 at
1248 4802 1302 4851 brec
1326 4801 1387 4850 mibi
1408 4800 1486 4849 mullo
1510 4797 1588 4862 magis
1613 4810 1687 4861 quam
1712 4793 1793 4843 omnis

1014 4919 1025 4947 ιι
1039 4901 1147 4951 bumana
1165 4896 1227 4946 sides
1252 4896 1366 4958 suspecta
1385 4895 1434 4953 est,
1457 4891 1516 4953 quia
1538 4904 1592 4940 eam
1617 4888 1688 4937 video
1709 4899 1723 4934 a
1745 4897 1793 4946 po·

1014 5011 1025 5039 ιι
1042 4991 1149 5042 tentibus
1163 4987 1285 5038 contemni
1303 5005 1308 5034 :
1325 4989 1350 5034 et
1361 4983 1551 5039 conventiones,
1568 4995 1625 5044 qum
1633 4981 1697 5030 inter
1708 4976 1791 5040 impe-

1013 5105 1024 5128 «
1040 5085 1109 5135 randi
1127 5081 1229 5145 cupidos
1244 5084 1268 5128 et
1290 5091 1341 5126 sune
1362 5075 1481 5127 libertatis
1502 5073 1677 5125 conservande
1695 5048 1790 5119 studio·

1012 5194 1024 5225 ιι
1040 5190 1082 5228 sos
1094 5180 1178 5227 contra
1195 5172 1347 5222 voluntatem
1367 5169 1445 5231 finnt,
1459 5181 1517 5218 curn
1528 5179 1577 5215 non
1589 5178 1656 5214 nunc
1667 5162 1774 5227 primurn
1784 5193 1793 5239 ,
