3772 5828
550 306 846 381 nurioumnruu
868 307 1019 369 nonan.
1044 308 1118 370 nm.
1142 311 1193 370 ix.
1557 299 1561 305 '
1633 315 1692 376 aar

82 472 93 496 ιι
111 443 253 510 δειςόντας
276 439 321 500 καλ
338 438 373 500 τδι
390 437 460 500 όπλα
482 441 591 521 ἔχοντας
615 446 641 502 έν
667 447 776 524 χερσίν,
804 443 863 505 ούτε
916 455 1013 507 «ribus
1026 455 1058 505 de
1068 470 1165 506 summa
1175 470 1259 506 rerum
1273 456 1464 514 decernerc,ue
1475 457 1606 508 aliisomni
1617 459 1693 511 animi

82 561 94 584 ιι
111 529 237 611 πρότερον
249 528 410 607 έόουλόμεθα
423 529 514 610 μάχην
526 530 679 608 συνάπτειν,
692 531 752 590 ούτε
766 537 809 591 νῦν
821 531 859 591 ίτι

84 650 95 673 ιι
112 625 259 699 θαρσοῦμεν
287 618 331 678 ἐπὶ
350 618 478 685 τοιούτοις
500 621 653 700 συμμάχοις
666 619 710 679 τὸν
725 620 792 698 ὑπὲρ
807 624 859 679 τῶν

83 737 95 760 ιι
112 707 243 784 μεγίστων
259 709 349 786 ἀγῶνα
364 707 494 788 ἄρασθαι,
513 709 552 784 μὴ
566 707 714 783 κωλύματα
728 711 774 768 καὶ
789 710 858 788 βλά-

83 825 95 849 ιι
112 797 158 855 ύαι
177 797 305 876 γένωνται
325 804 378 863 τοῖς
397 794 502 854 ἅπαντα
525 796 560 854 τδι
583 799 642 856 καθ’
664 795 771 866 ίαυτοίις
791 798 860 879 πρό·

84 914 96 938 ιι
111 892 181 963 θνμα
207 884 407 964 παρεχομένοις.
451 886 485 945 Εἰ
502 886 592 961 μέντοι
617 885 745 946 κάκείνων
766 890 780 946 ό
805 887 861 954 θεὸς

83 1004 95 1026 ιι
111 977 154 1033 ἐπὶ
169 975 202 1034 τδι
213 974 324 1053 κρείττω
337 971 381 1031 τδν
392 977 450 1033 νοῦν
460 973 529 1050 οίγει,
540 972 585 1032 καί
598 973 686 1056 [νυνί]
697 975 861 1036 καταόαλόν-

84 1092 96 1116 ιι
109 1088 151 1132 τες
167 1064 196 1121 τὸ
220 1060 380 1138 στασιάζον,
408 1059 452 1141 ὑφ’
465 1052 500 1122 οδ
514 1066 558 1120 νῦν
574 1061 661 1123 πολλὰ
686 1064 733 1123 καί
755 1064 860 1142 μεγάλα

83 1181 96 1204 ιι
113 1153 259 1231 βλάπτεται
271 1148 302 1209 τδ
315 1152 410 1224 κοινὸν,
427 1149 444 1222 ἧ
459 1174 490 1229 γε
512 1149 543 1222 δὴ
560 1152 596 1217 είς
612 1150 671 1218 τοὺς
691 1156 739 1225 τῆς
757 1152 861 1233 εἰρήνης

30 1255 54 1294 ro
84 1269 95 1293 ιι
111 1238 305 1313 ἀναόαλόμενοι
325 1239 447 1319 καιροὺς,
468 1238 702 1318 ἐπανορθώσασθαι
723 1240 861 1318 βούλονται

29 1694 53 1732 15

82 1358 94 1382 ιι
109 1328 143 1387 τδ
158 1326 321 1403 παρελθόντα
336 1326 422 1400 ὀνείδη
444 1331 477 1407 τῇ
498 1331 544 1385 νῦν
560 1330 659 1409 ἀρετῇ,
675 1329 758 1406 μηδὲν
779 1328 861 1389 ἔτιτὸ

82 1445 93 1470 ιι
109 1418 226 1476 κωλῦσον
251 1413 320 1474 ἔστω
344 1423 440 1494 χωρεῖν
456 1419 525 1492 ὑμᾶς
551 1417 594 1473 ἐπὶ
620 1414 680 1485 τούς
698 1418 859 1495 πολεμίους,

83 1534 94 1558 ιι
110 1506 156 1570 τλς
170 1502 271 1582 ἀγαθὰς
282 1501 514 1583 προόαλλομένους
529 1503 649 1573 ἐλπίδας.
701 1503 820 1585 Ἐχομεν
832 1507 860 1566 di

83 1622 95 1646 ιι
110 1593 209 1660 πολλὰς
223 1593 271 1670 μὲν
286 1593 333 1652 καί
352 1592 434 1660 ἄλλες
453 1591 574 1676 ἀρορμδς
588 1595 624 1661 είς
645 1593 675 1653 τδ
691 1578 785 1669 διικῦν,
809 1619 857 1674 με·

83 1710 95 1733 ιι
109 1682 202 1760 γίστας
227 1679 321 1741 δὲκαὶ
347 1680 527 1761 κυριωτάτας,
553 1682 583 1749 ἀς
604 1681 634 1741 τδ
658 1686 710 1743 τῶν
727 1684 861 1760 πολεμίων

83 1799 95 1824 ιι
111 1769 221 1841 ἀνόητον
247 1768 372 1849 παρέχει·
398 1768 470 1848 οἵγε
489 1769 586 1844 πλήθει
611 1779 736 1851 στρατιᾶς
765 1775 860 1854 μακρῷ

83 1886 95 1910 ιι
110 1857 269 1938 προύχοντες
288 1862 380 1936 ἡμῶν,
394 1858 441 1918 καί
460 1857 546 1940 τούτῳ
561 1858 713 1933 δυνηθέντες
736 1861 767 1919 ἀν
794 1862 859 1942 πρδς

83 1976 96 1999 ιι
114 1947 162 2014 τὰς
181 1947 310 2027 ἡμετέρας
330 1947 429 2025 τόλμας
446 1971 474 2007 τε
497 1948 543 2007 καὶ
558 1948 695 2030 ἀμπειρίας
720 1949 858 2030 ἀντέχειν,

84 2062 97 2088 ιι
113 2035 310 2113 ἀπεστερήκασι
324 2041 371 2107 τῆς
392 2035 474 2113 μόνης
487 2034 618 2117 ὠφελείας
642 2037 766 2114 ἑαυτούς,
792 2039 860 2095 ἀπα-

27 2136 54 2174 20
83 2152 95 2177 ιι
113 2123 277 2191 ναλώσαντες
290 2125 320 2183 τὸ
334 2126 423 2184 πλεῖον
439 2131 485 2197 τῆς
505 2125 641 2203 δυνάμεως
662 2125 740 2205 pipo(
762 2129 799 2193 tl<
813 2127 860 2195 τὰς

27 2576 40 2612 2
83 2593 95 2617 ιι
113 2568 259 2643 ρισκέπτως
272 2567 316 2626 snt
328 2566 371 2626 τδν
387 2567 476 2645 ἀγῶνα
494 2571 642 2648 χωροῦσιν,
657 2573 692 2636 ὡς
707 2569 808 2651 ἄμαχοί
822 2597 863 2634 τι·

24 3462 51 3501 :lc

83 2241 95 2264 ιι
109 2217 161 2272 τῶν
183 2212 311 2293 φρουρίων
326 2213 455 2293 φυλακάς.
495 2209 612 2275 Ἔπειτα
633 2214 691 2273 δέον
706 2212 799 2283 αὐτοὺς
811 2216 858 2275 σὺν

83 2328 94 2352 ιι
111 2301 235 2380 εὐλαύείᾳ
250 2302 296 2360 καί
314 2304 435 2381 λογισμῷ
454 2301 568 2384 σώφρονι
592 2303 717 2382 πράττειν
743 2303 857 2380 ἕκαστα,

82 2416 94 2440 ιι
109 2390 315 2466 ἐνθυμουμένους
328 2387 393 2469 πρδς
407 2387 477 2457 οίους
489 2390 585 2468 ἄνδρας
599 2391 645 2450 καλ
658 2391 725 2451 πολὺ
741 2395 860 2470 ἀλκιμω-

82 2504 94 2529 ιι
109 2476 196 2555 τέρους
218 2481 332 2538 αὐτῶνθ
353 2477 469 2544 κίνδυνος
494 2475 585 2550 ίσται,
603 2479 719 2560 θρασέως
733 2482 779 2540 καλ
795 2484 860 2541 ἀπε·

83 2680 95 2704 ιι
111 2676 151 2719 νες
170 2654 215 2712 καί
239 2659 273 2721 ώς
295 2657 372 2729 ἡμῶν
395 2657 640 2734 καταπεπληγότων
658 2658 761 2727 αὐτούς.
824 2664 858 2721 bl

83 2768 95 2792 ιι
109 2745 171 2818 γοῦν
186 2740 392 2823 ἀποταφρεύσεις
404 2744 450 2803 καί
461 2747 488 2804 αἱ
498 2744 579 2825 μέχρι
593 2751 639 2805 τοῦ
652 2748 768 2830 χάρακος
782 2752 859 2826 ἡμῶν

82 2857 95 2880 ιι
109 2831 297 2898 καθιππεύσεις
310 2830 356 2891 καί
370 2832 404 2891 τά
427 2834 514 2892 πολλὰ
529 2837 556 2893 έν
571 2834 657 2914 λόγοις
670 2859 698 2896 τε
715 2837 761 2897 καλ
776 2837 859 2918 ἔργοις

81 2946 93 2970 ιι
110 2916 259 2999 ύόρίσματα
274 2923 350 2978 τοῦτο
369 2920 488 2981 δύναται.
529 2922 624 2982 Ταῦτά
638 2945 667 2982 τε
683 2924 715 2996 δὴ
730 2926 859 3004 ένθυμού·

81 3035 93 3059 ιι
110 3030 184 3083 μενοι
198 3007 313 3068 ’καὶτῶν
326 3008 459 3089 προτέρων
475 3009 585 3089 ἀγώνων
602 3013 778 3092 μεμνημένοι,
790 3019 857 3076 πολ-

82 3124 93 3148 ιι
108 3098 160 3155 λῶν
174 3096 256 3156 όντων
270 3095 317 3157 καί
333 3100 438 3172 καλῶν,
451 3102 477 3158 ἐν
492 3090 530 3165 οἷς
545 3099 639 3166 αύτούς
654 3102 771 3179 ἐνικᾶτε,
796 3126 857 3184 χω-

82 3211 94 3232 ιι
110 3193 177 3262 ρεῐτε
192 3184 260 3260 μετδι
272 3183 416 3264 προθυμίας
428 3186 473 3244 καί
488 3184 531 3244 ἐπὶ
545 3185 618 3246 τόνδε
633 3186 677 3246 τὸν
692 3191 796 3268 ἀγῶνα·
811 3192 856 3250 καὶ

82 3300 94 3323 ιι
113 3263 174 3352 ἐνῷ
189 3271 220 3330 ἀν
237 3276 310 3349 ὑμῶν
323 3273 431 3341 ἕκαστος
445 3276 535 3354 χωρίῳ
547 3279 649 3355 ταχθῇ,
663 3280 740 3336 τοῦτο
755 3281 855 3340 ὑπολα-

81 3389 93 3412 ιι
111 3360 179 3418 ciro
196 3361 241 3419 καὶ
260 3352 330 3420 οἶκον
351 3352 418 3420 εἶναι
436 3363 481 3422 καί
496 3366 592 3444 κλῆρον
607 3366 651 3425 καί
665 3367 797 3447 πατρίδα·
811 3371 855 3430 καί

82 3477 94 3501 ιι
109 3452 124 3508 δ’
138 3473 166 3507 τε
180 3450 270 3519 σώζων
284 3447 333 3509 τὸν
348 3452 520 3529 παραστάτην
557 3455 644 3534 ἑαυτῷ
665 3455 791 3533 πράττειν
807 3458 855 3530 τὴν

82 3567 94 3589 ιι
110 3538 435 3617 σωτηρίανύπολαύέτω,
455 3540 528 3599 καίδ
549 3544 734 3621 ἐγκαταλιπών
747 3547 791 3606 τὸν
806 3551 855 3607 πέ-

82 3653 95 3678 ιι
109 3628 156 3692 λας
181 3627 273 3686 ἑαυτὸν
303 3629 417 3705 ἡγείσθω
448 3637 501 3696 τοῖς
530 3632 665 3709 πολεμίοις
690 3633 851 3714 προδιδόναι.

82 3743 95 3766 ιι
111 3716 237 3774 Μάλιστα
253 3717 275 3773 δ’
289 3717 372 3776 έκεῖνο
383 3720 533 3792 μεμνῆσθαι
547 3720 686 3799 προσήκει,
699 3723 738 3781 ότι
747 3723 857 3798 μενόντ-

82 3831 94 3857 ιι
109 3828 146 3861 ων
161 3804 209 3879 μέν
232 3805 334 3883 ἀνδρῶν
349 3804 395 3863 καλ
416 3807 574 3884 μαχομένων
591 3809 679 3888 ὀλίγον
693 3809 723 3870 τὸ
739 3813 856 3873 ἀπολλύ-

24 3902 52 3942 to
82 3921 94 3945 ιι
111 3893 188 3971 μενόν
210 3895 299 3972 ἐστιν,
323 3895 497 3977 ἐγκλινάντων
520 3894 547 3954 δδ
568 3896 614 3956 καλ
638 3897 786 3980 φευγόντων
810 3925 856 3961 κο-

24 4348 51 4385 45

82 4010 94 4034 ιι
110 3983 173 4063 μιδῇ
191 3981 276 4063 βραχύ
290 3982 320 4042 τὸ
336 3981 493 4055 σωζόμενον.
513 4012 526 4036 ιι

120 4075 157 4132 X.
181 4068 243 4132 Ἔτι
265 4072 292 4132 δέ
318 4072 398 4133 αὐτοῦ
419 4071 540 4151 λέγοντος
563 4073 595 4131 τδι
622 4078 658 4143 εἷς
680 4075 711 4135 τδ
739 4087 857 4155 γενναῖον

80 4161 222 4239 ἐπαγωγὰ,
243 4159 288 4221 καὶ
313 4162 398 4221 πολλὰ
417 4161 587 4239 percibum
609 4163 695 4244 λόγων
719 4168 855 4246 ἐκχέοντος

82 4250 198 4329 δάκρυα,
216 4251 338 4329 λοχαγῶν
360 4273 389 4310 τε
409 4249 456 4309 καί
469 4250 618 4332 ταξιάρχων
633 4253 679 4313 καί
694 4257 746 4314 τῶν
764 4256 853 4316 ἄλλοιν

82 4340 249 4416 στρατιωτῶν
262 4338 389 4411 ἕκαστον,
403 4329 425 4419 ᾧ
442 4340 547 4418 συνῄδεε
561 4364 586 4399 τι
600 4341 722 4420 λαμπρόν
744 4344 818 4422 ἔργον
831 4348 857 4405 έν

82 4425 181 4504 μάχαις
196 4425 404 4508 ἀποδειξαμένῳ,
421 4431 480 4487 κατ’
491 4427 576 4506 ὄνομα
589 4429 797 4507 ἀνακαλοῦντος,
812 4433 857 4492 καὶ

81 4515 166 4573 πολλὰ
178 4515 223 4574 καλ
238 4516 343 4596 μεγάλα
357 4520 411 4586 τοῖς
432 4517 605 4598 ἀριστεύσασι
625 4519 695 4579 κατδι
707 4518 756 4591 τὴν
768 4523 858 4600 μάχην

82 4603 252 4681 φιλάνθρωποι
268 4606 362 4665 δώσειν
377 4606 586 4685 ὑπισχνουμένου
602 4607 666 4686 πρὸς
680 4608 710 4667 τδ
721 4611 773 4667 τῶν
787 4610 858 4689 πρά·

83 4688 145 4757 ζεων
158 4690 283 4769 μέγεθος,
299 4694 378 4771 τιμάς
391 4718 419 4754 τε
436 4695 481 4754 καλ
495 4697 578 4763 ἄλλας
594 4697 725 4776 βοηθείας,
740 4697 858 4772 ἀναόοή·

25 4796 54 4836 so
84 4800 136 4844 σεις
151 4777 177 4846 ἐξ
196 4779 317 4840 ἁπάντων
332 4781 446 4861 ἐγίνοντο
469 4788 574 4864 θαρρεῖν
590 4807 617 4844 τε
641 4787 859 4865 παρακελευομέ-

83 4892 135 4926 νων
149 4865 194 4925 καί
210 4865 282 4946 ἄγειν
297 4869 341 4930 tut
355 4870 399 4930 τὸν
415 4876 506 4949 ἀγῶνα
520 4871 673 4942 ἀξιούντων.
705 4874 817 4950 Ἐπειδὴ
832 4877 859 4938 δέ

84 4954 250 5027 ἐπαύσαντο,
267 4955 426 5038 προέρχεταί
447 4985 486 5029 τις
498 4963 529 5021 ἐκ
540 4968 586 5022 τοῦ
598 4963 731 5037 πλήθους,
749 4965 860 5044 Μάρκος

83 5042 255 5115 nunccine
270 5043 368 5121 ὄνομα,
385 5048 452 5128 ἀνὴρ
464 5050 604 5128 δημοτικὸς
619 5051 668 5130 μὲν
682 5052 728 5112 καί
746 5054 860 5131 αὐτουρ-

82 5136 141 5211 ibt,
154 5136 182 5194 θῦ
198 5133 252 5212 μὴν
267 5134 320 5191 τῶν
336 5135 538 5215 ἀπερριμμένων
555 5165 611 5217 τις,
629 5142 697 5203 ἀλλὰ
716 5144 769 5201 τῶν
784 5142 860 5201 ίπαι-
910 5161 959 5200 non
970 5147 1028 5199 vilis
1041 5150 1124 5199 tamen
1134 5185 1140 5208 ,
1152 5146 1195 5197 sed
1204 5145 1313 5197 laudata
1326 5139 1443 5199 virtutis,
1462 5142 1487 5189 et
1498 5139 1523 5188 in
1535 5139 1611 5189 rebus
1622 5139 1692 5189 belli·

916 580 928 604 ιι
944 560 1073 611 alacritate
1087 574 1186 625 operam
1200 561 1351 612 navantibus
1364 560 1542 626 impedimento
1557 564 1606 613 siut
1620 565 1692 615 dam-

916 683 928 706 ιι
943 675 1053 727 numque
1063 661 1177 712 asserant.
1212 663 1237 712 Si
1250 667 1345 720 tamen,
1359 663 1456 713 illorum
1473 678 1573 729 quoque
1586 671 1694 717 mentem

917 791 929 815 ι
943 770 1006 820 deus
1023 770 1048 819 in
1061 769 1187 820 meliorem
1198 769 1338 828 convertit,
1351 773 1377 819 et
1396 771 1445 819 inm
1455 771 1553 820 omissis
1565 770 1690 828 dissidiis,

916 892 928 915 ιι
943 870 975 921 ob
994 885 1052 937 qua
1069 885 1136 921 nuuc
1147 869 1286 935 respublica
1300 871 1418 921 multant
1438 887 1527 936 magua
1547 872 1638 922 damna
1652 886 1692 922 ac·

917 995 929 1017 ι
946 972 1026 1037 cepit,
1038 972 1078 1022 rel
1093 971 1181 1022 saltem
1194 971 1218 1020 in
1231 972 1298 1036 pacis
1314 977 1412 1037 ternpus
1426 973 1523 1031 dilatis,
1542 973 1694 1037 praeteritam

917 1095 930 1117 ι
943 1073 1102 1137 ignominiam
1127 1072 1243 1138 prasenti
1269 1072 1362 1123 virtuto
1385 1074 1482 1124 abolere
1509 1074 1610 1133 colunt,
1633 1074 1694 1126 nibil

917 1195 929 1218 ι
945 1175 1054 1239 amplius
1066 1178 1122 1233 eat,
1142 1174 1210 1239 quod
1231 1189 1275 1223 νοε
1297 1175 1361 1225 bona
1381 1189 1424 1239 spe
1446 1174 1523 1226 fretos
1542 1191 1599 1226 cum
1622 1177 1694 1226 hoste

917 1299 929 1321 ι
944 1277 1060 1342 congredi
1074 1280 1150 1327 vetet.
1178 1277 1272 1327 Multas
1288 1281 1372 1327 nutem
1391 1281 1417 1327 et
1427 1278 1490 1327 alius
1500 1276 1633 1344 facultates
1644 1278 1694 1326 uic·

917 1401 929 1424 «
944 1383 1015 1430 torioe
1029 1380 1144 1445 parandas
1159 1379 1288 1436 babemus,
1301 1378 1345 1429 sed
1357 1379 1477 1429 maximas
1486 1393 1542 1438 eas,
1557 1392 1620 1444 quas
1633 1380 1692 1430 bos·

917 1502 929 1525 ιι
943 1482 1007 1534 tium
1016 1482 1123 1531 amantia
1138 1481 1208 1531 nobis
1219 1479 1314 1545 praebet
1324 1500 1330 1540 ς
1342 1481 1387 1545 qni
1396 1495 1473 1545 qnmn
1488 1481 1613 1544 copiarum
1628 1481 1695 1531 mul·

918 1602 929 1625 ιι
946 1582 1053 1633 titudine
1068 1581 1138 1646 longe
1154 1596 1200 1632 uos
1218 1587 1350 1647 superent,
1370 1586 1396 1633 et
1418 1582 1465 1632 bac
1483 1596 1509 1633 re
1531 1584 1583 1631 sola
1602 1586 1695 1633 nostrus

918 1703 930 1733 ιι
945 1684 1057 1734 audaciae
1071 1687 1097 1733 et
1119 1684 1214 1747 peritias
1233 1684 1327 1747 possint
1344 1685 1474 1743 resistcre,
1488 1687 1569 1734 tamen
1585 1684 1631 1733 boc
1643 1683 1695 1733 solo

916 1806 929 1829 ι
944 1784 1037 1834 auxilio
1059 1797 1085 1833 se
1104 1784 1149 1847 ipsi
1173 1785 1310 1848 prirarint,
1329 1789 1459 1834 consumta
1481 1786 1605 1835 erere-itus
1627 1790 1696 1849 parte

918 1906 930 1930 ιι
945 1887 971 1935 in
992 1885 1158 1934 munitionum
1182 1884 1311 1948 praesidiis.
1346 1885 1456 1935 Deinde.
1475 1900 1554 1950 quirin
1578 1886 1696 1935 deberent

917 2005 929 2028 ι
943 1988 1016 2036 caute
1036 1988 1062 2036 ct
1084 1984 1220 2049 prudenter
1244 1985 1327 2034 omnia
1350 1999 1435 2048 agere,
1458 1989 1613 2048 reputantes,
1638 1999 1695 2036 cnm

918 2088 1036 2139 «talibus
1055 2087 1115 2138 viris
1128 2091 1153 2137 et
1168 2086 1312 2138 fortioribus
1327 2103 1378 2139 rem
1399 2089 1445 2139 sibi
1465 2087 1532 2150 lore,
1553 2092 1635 2138 tannen
1648 2104 1695 2138 au·

918 2213 931 2237 ιι
945 2192 1031 2243 dacter
1048 2195 1075 2242 et
1096 2191 1275 2242 inconsiderate
1289 2192 1313 2241 in
1331 2190 1446 2256 proelium
1461 2195 1537 2241 ruunt
1548 2232 1553 2251 ,
1565 2193 1637 2257 quasi
1649 2193 1696 2256 ipsi

918 2316 931 2341 ιι
944 2298 995 2349 sint
1005 2297 1099 2356 invicti,
1111 2277 1156 2347 nos
1165 2310 1225 2347 vero
1237 2309 1322 2347 eorum
1333 2294 1436 2345 audacia
1445 2295 1524 2345 simus
1535 2295 1694 2345 consternati.

917 2417 930 2441 ιι
947 2397 1073 2449 illaesum
1093 2397 1349 2456 circumductiones,
1362 2399 1388 2446 et
1401 2400 1539 2446 castrorum
1554 2403 1695 2447 nostrorum

918 2499 1144 2565 nubequitaticnes
1157 2539 1167 2562 ‚¹
1180 2503 1205 2548 et
1227 2498 1315 2547 multae
1339 2497 1439 2547 illorum
1461 2501 1515 2547 tum
1530 2498 1626 2555 verbis,
1642 2502 1696 2547 tum

917 2604 1033 2662 «lactis,
1060 2603 1219 2655 contumelia
1244 2604 1290 2653 lioc
1312 2603 1492 2653 demonstrant.
1535 2604 1595 2652 llaec
1621 2602 1697 2666 igitur

918 2725 930 2749 ι
946 2705 1094 2769 cogitantes,
1119 2708 1144 2753 et
1167 2704 1325 2768 superiorum
1342 2702 1485 2766 proeliorum
1508 2701 1647 2753 multorum
1667 2717 1697 2753 ac

917 2825 929 2848 ιι
943 2805 1118 2870 praeclarorum
1131 2819 1268 2863 memores,
1282 2804 1307 2853 in
1324 2803 1416 2869 qulbus
1427 2817 1470 2854 eos
1486 2803 1596 2866 vicistis,
1610 2802 1696 2854 alacri·

917 2927 929 2950 ιι
945 2910 983 2956 tor
999 2904 1031 2956 ad
1043 2906 1091 2956 hcc
1103 2919 1204 2970 quoqne
1216 2904 1331 2969 proelinm
1341 2905 1376 2954 ite
1390 2925 1396 2954 z
1412 2909 1438 2955 et
1451 2904 1538 2968 inquo
1551 2904 1606 2954 loco
1618 2918 1696 2955 ιιιιιιε·

916 3030 928 3052 ιι
945 3007 1055 3074 quisque
1070 3010 1183 3057 restrum
1196 3005 1272 3055 luerit
1291 3006 1441 3067 collocatus,
1459 3020 1517 3057 eum
1532 3006 1580 3057 sibi
1593 3006 1695 3057 domum

917 3133 928 3157 ιι
945 3115 971 3162 et
989 3125 1077 3176 agrum
1092 3113 1169 3176 atque
1187 3110 1294 3176 patriam
1309 3111 1401 3172 ducat;
1412 3115 1438 3161 et
1451 3112 1496 3176 qui
1507 3126 1582 3162 snum
1601 3112 1696 3162 socitun

917 3240 928 3262 ι
943 3218 988 3268 sibi
1001 3218 1027 3268 in
1039 3218 1091 3268 acie
1106 3218 1248 3282 proximum
1263 3216 1385 3277 servarit,
1404 3228 1457 3265 suas
1473 3215 1549 3265 saluti
1564 3229 1590 3265 se
1603 3228 1696 3265 cousu-

917 3340 928 3362 ιι
943 3320 1019 3371 luisse
1042 3323 1128 3383 putet,
1152 3323 1178 3369 et
1198 3318 1242 3383 qni
1263 3318 1372 3368 sodalem
1389 3316 1540 3379 deseruerit,
1563 3330 1590 3367 se
1612 3317 1695 3380 ipsum

916 3441 928 3463 «
941 3419 1058 3470 hostibus
1075 3418 1214 3484 prodidisse
1236 3418 1379 3468 arbitretur.
1423 3417 1472 3467 Sed
1491 3417 1554 3467 illud
1572 3418 1696 3482 praecipuc

917 3540 928 3563 ιι
947 3519 1127 3579 memineritis,
1146 3518 1256 3568 virorum
1279 3517 1381 3567 fortium
1405 3531 1434 3567 ac
1456 3517 1619 3582 pugnantium
1640 3519 1694 3568 cxi·

917 3646 929 3668 ιι
943 3639 1021 3690 guum
1036 3638 1170 3674 numerum
1182 3623 1283 3681 cadere,
1299 3622 1471 3674 inclinantium
1481 3637 1580 3675 verone
1596 3623 1694 3688 fngien-

918 3750 930 3774 ι
945 3728 1007 3779 tium
1019 3726 1182 3794 perexiguum
1196 3723 1310 3777 eradere.
1325 3745 1338 3770 ιι

947 4086 977 4135 Χ,
995 4085 1056 4135 llaec
1069 4085 1154 4133 autem
1175 4094 1205 4131 eo
1218 4079 1301 4132 adhuc
1321 4079 1353 4129 ad
1373 4077 1555 4130 accendendam
1578 4078 1696 4130 militnm

917 4172 1090 4224 tortitudinem
1108 4170 1220 4228 dicente,
1240 4174 1265 4221 et
1277 4169 1372 4220 multas
1391 4168 1506 4219 lacrimas
1526 4167 1591 4217 inter
1609 4166 1696 4217 dicen·

916 4262 977 4313 dum
996 4261 1153 4319 effundente,
1171 4264 1197 4311 et
1211 4260 1385 4310 centurionum
1405 4262 1430 4308 et
1448 4257 1604 4307 tribunorum
1619 4260 1695 4320 atque

916 4352 1022 4402 aliorum
1035 4350 1144 4400 militum
1158 4361 1361 4413 unumquemque
1376 4347 1474 4397 illustre
1483 4347 1585 4411 aliquod
1598 4344 1696 4396 facinus

915 4442 940 4492 in
955 4439 1048 4504 proeliis
1063 4437 1171 4488 edidisse
1193 4437 1299 4495 sciebat,
1323 4436 1467 4487 nominatim
1496 4435 1648 4499 appellante,
1670 4438 1695 4484 et

915 4529 995 4579 multa
1014 4541 1043 4578 ac
1060 4541 1149 4591 magna
1169 4526 1272 4590 prumia
1287 4525 1385 4575 eximia
1403 4536 1486 4588 operae
1501 4525 1526 4573 in
1547 4537 1628 4587 pugna
1650 4535 1695 4571 na-

915 4619 980 4667 vata
1000 4629 1046 4680 pro
1062 4629 1146 4665 rerum
1167 4613 1337 4678 magnitudine
1363 4627 1390 4662 se
1410 4611 1528 4661 daturum
1547 4609 1691 4674 pollicente,

916 4705 985 4757 reiut
998 4707 1104 4756 honores
1118 4707 1142 4754 et
1156 4703 1259 4754 divitias
1270 4706 1348 4765 atque
1359 4700 1407 4751 alia
1428 4699 1557 4750 commoda
1573 4713 1579 4742 τ
1594 4697 1693 4745 concla-

914 4798 1011 4845 matum
1029 4797 1068 4843 est
1083 4791 1115 4841 ab
1130 4790 1245 4840 omuibus
1258 4804 1315 4839 enm
1337 4787 1401 4837 bono
1415 4801 1470 4837 esse
1484 4787 1567 4836 animo
1582 4782 1692 4832 iubenti-

914 4882 977 4943 bus,
990 4885 1016 4932 ct
1031 4880 1062 4931 ad
1077 4879 1193 4945 proelium
1207 4893 1234 4928 se
1248 4878 1305 4928 duci
1319 4876 1512 4941 postulantibus.
1546 4876 1629 4930 Quum
1642 4884 1690 4918 au-

915 4973 966 5020 tem
988 4968 1061 5018 sineru
1087 4968 1186 5018 dicendi
1210 4967 1323 5027 lecisset,
1354 4964 1509 5028 progreditur
1534 4958 1634 5023 quidam
1662 4972 1692 5009 cx

914 5057 1091 5116 multitudiue,
1108 5061 1142 5107 M.
1156 5057 1305 5112 Flauoleius,
1320 5052 1432 5118 plebeius
1445 5050 1546 5114 quidem
1561 5053 1587 5099 et
1598 5047 1690 5113 opiter,
