3772 5828
222 326 281 387 '102
747 327 912 390 ulonrsrr
936 328 1311 399 flnurcnmirtssnrtsrs

224 449 256 531 ἦν
270 461 323 518 τῶν
336 456 406 517 κατά
426 456 475 529 τὴν
496 456 578 529 αὐτὴν
600 458 778 534 ἀκμασάντων
798 460 906 532 ἠλικίαν
921 461 955 522 τά
969 485 999 521 τε

224 545 557 696 πολέμρρριῇορμπρότατος,
572 546 619 606 καί
635 547 669 608 τδι
684 549 809 608 πολιτικά
833 548 1001 631 φρονιμύιτα·

241 657 316 787 οςῙλί.
342 729 379 800 (6)
393 679 564 798 .Μάλλιος,ὁ
588 725 744 806 ἀριστεύσας
759 725 802 786 ὅτε
817 731 852 795 εἰς
867 727 897 789 τὸ
912 730 1002 789 Kam-
1087 730 1129 779 iv.
1155 730 1187 793 (6)
1209 732 1329 794 Manlius,
1349 734 1393 799 qni
1414 736 1632 801 praeclarissimum
1650 742 1754 797 iacimus
1768 747 1848 801 edidit

183 827 196 864 θ
224 809 318 872 τεύλεον
333 811 465 891 Ῥωμαῖοι
488 813 654 892 κατέφυγον,
673 812 830 874 κινδυνεύων
851 815 894 876 διδ
905 839 1001 897 τυραν-
1055 829 1106 880 quo
1120 821 1230 884 tempore
1245 822 1347 873 Romani
1366 824 1392 874 in
1403 825 1554 890 capitolium
1572 830 1753 897 confugerant,
1769 850 1845 903 prop-

225 903 292 970 νίδος
316 902 431 964 ἐπίθεσιν
452 901 615 976 ἀπολέσθαι,
642 902 745 985 βλέψας
769 905 806 971 είς
824 903 854 963 τδ
876 903 1001 966 Καπιτίε·
1058 907 1097 956 ier
1117 908 1183 972 ¹081st
1198 907 1317 962 ὅθίοοίεῑὶ
1333 911 1426 965 crimen
1443 914 1470 965 iu
1491 927 1620 969 summum
1640 919 1784 975 discrimen
1802 925 1843 977 ad-

224 992 279 1049 λιον
295 991 341 1050 καί
356 990 405 1059 τάς
422 995 515 1072 χεῖρας
530 991 648 1057 ε’κτείνας
673 993 710 1057 εἰς
731 990 777 1050 τθν
798 993 826 1050 ἐν
845 992 919 1073 αὐτῷ
937 990 1002 1053 νεῶν
1056 987 1162 1054 ΜΝ,
1176 992 1325 1059 capitutum
1337 1000 1452 1061 spectans
1463 1000 1631 1068 manibusque
1643 1005 1679 1057 ast
1692 1008 1767 1060 ioris
1781 1012 1846 1063 tem·

225 1083 271 1138 τοῧ
282 1079 344 1147 Διὸς
359 1070 444 1140 εἶπεν·
463 1108 477 1133 ι
489 1081 557 1141 Οὐδ’
580 1081 677 1144 ἐκεῖνος
695 1078 802 1146 ότόπος
825 1079 913 1148 ίκανδς
927 1078 1002 1140 ἐσται
1055 1076 1219 1144 1²¹¹¹¹¹¹siiuod
1232 1082 1266 1133 ibi
1276 1086 1325 1146 δίε
1336 1086 1445 1144 immi!
1461 1107 1468 1138 ³
1485 1091 1545 1141 «ΝΘ
1558 1091 1600 1142 ille
1611 1093 1734 1159 quidem,
1750 1097 1845 1163 inquii·

225 1195 237 1219 ιι
253 1191 288 1246 με
305 1172 409 1242 σῶσαι,
426 1167 456 1228 δν
478 1168 529 1227 ύπθ
543 1171 596 1226 τῶν
612 1166 755 1250 βαρύάρων
769 1168 933 1250 κρατηθέντα
946 1169 1001 1229 διέ-
1058 1180 1125 1217 «me
1138 1169 1249 1220 servabit
1267 1171 1339 1223 turus
1358 1187 1433 1238 quem
1450 1189 1466 1226 a
1485 1176 1598 1230 barbaris
1617 1187 1776 1248 occupatum
1800 1200 1844 1250 ego

171 1279 197 1319 ro
224 1284 237 1309 u
252 1278 328 1317 σωσα
341 1258 403 1335 ὑμῖν
418 1255 487 1335 ἐγώ,
503 1255 584 1315 Ἀλλά
595 1254 642 1315 καλ
655 1254 716 1316 τότε
725 1256 793 1337 ύπέρ
803 1259 877 1334 θμῶν
888 1257 1002 1331 ἀπίθνη·
1058 1255 1157 1307 “tobit
1179 1261 1294 1309 witti?
1312 1261 1443 1315 iimmot
1461 1266 1581 1332 iunctm
1595 1268 1668 1321 vohis
1689 1285 1733 1326 me
1756 1274 1843 1337 obtuli,

224 1368 315 1405 «σκον
331 1343 495 1424 καίνῦνίιρ’
511 1347 584 1422 ὑμῶν
602 1347 824 1421 ἀποθανοῦμαι.»
866 1347 935 1407 Τόςς
952 1345 1000 1424 μὲν
1055 1347 1081 1394 et
1094 1358 1159 1395 nunc
1174 1360 1189 1397 a
1206 1348 1276 1398 robis
1289 1349 1464 1404 interticiartu
1486 1358 1556 1408 ‘tunc
1578 1357 1656 1423 igtur
1667 1361 1844 1415 mmmmm

223 1426 266 1493 οὖν
288 1433 511 1509 συμπαθήσαντες
527 1434 631 1513 ἀφῆκαν
654 1433 746 1491 αὐτόν·
765 1431 873 1515 ὕστερον
887 1431 915 1493 δέ
931 1433 1001 1494 κατά
1056 1435 1171 1485 mil
1193 1449 1251 1487 0⁰¹³
1268 1437 1372 1490 fflisswffl
1399 1440 1514 1506 suerunt,
1537 1450 1626 1511 9⁰⁸1ss
1649 1451 1761 1504 mdc
1783 1466 1842 1505 saxo

222 1526 341 1601 κρημνοῦ
357 1526 460 1604 ἐρρίφη.
479 1520 580 1581 Arnbr.
1056 1520 1169 1584 (ίθδθθίΰθ
1183 1527 1230 1575 θθί·

265 1612 300 1671 γ,
325 1611 366 1689 (η)
392 1609 535 1692 Κρατήσας
555 1612 607 1668 ,ῶν
627 1609 763 1686 πολεμίων
779 1612 824 1671 καὶ
846 1610 895 1684 ,ἧς
917 1633 1000 1692 ⁶³9²·
1086 1611 1117 1660 V.
1130 1612 1163 1673 (7)
1178 1612 1256 1663 victis
1280 1615 1393 1669 hostibus
1404 1620 1566 1686 exercituque
1590 1622 1731 1677 innumeris
1747 1627 1841 1681 divitiis

169 1718 195 1757 rs
220 1698 278 1757 τεὰν
293 1700 438 1766 ἐπικλύσας
449 1698 659 1780 ταῖςώφελείαις
673 1703 752 1768 Τιτος
766 1696 898 1775 Κοίντιος,
912 1702 1001 1761 δικτα-
1054 1698 1143 1758 (fliam.
1155 1703 1184 1750 Τ·
1197 1703 1327 1761 Quinctius
1335 1706 1444 1757 dictatur
1455 1721 1545 1761 uorem
1555 1709 1646 1763 dicbus
1662 1727 1755 1767 norem
1766 1717 1843 1769 nrbes

221 1788 335 1865 τορεύων
349 1790 376 1847 ἐν
400 1786 512 1869 ἡμέραις
537 1787 627 1858 ἐννέα,
655 1787 745 1855 πόλεις
765 1787 839 1849 ἐννέα
864 1790 999 1868 πολεμίων
1059 1788 1132 1851 θθθέί·

220 1874 326 1936 ἐλαίαν.

261 1962 412 2044 Ληφθέντες
436 1960 623 2043 ἀμφοτέρωθεν
655 1964 782 2043 ἀγεληδὸν
808 1968 832 2025 οἱ
848 1969 998 2044 θεοστυγεῖς

220 2054 420 2126 κατεκόπησαν.
436 2052 544 2114 Ambr.

166 2162 194 2203 ao
261 2143 313 2202 Vi.
331 2138 398 2202 Ὅτι
408 2143 432 2201 οἱ
442 2139 575 2217 Ῥωμαῖοι
585 2143 804 2220 μεγαλοπρεπεῖς.
815 2143 841 2202 Τ
841 2145 877 2202 ῶν
891 2142 942 2223 γὰρ
952 2144 1001 2205 άλ-

220 2235 273 2289 λων
287 2229 376 2308 ἀλίγου
391 2230 444 2290 δεῖν
458 2229 565 2289 πάντων
577 2227 605 2289 ἐν
619 2252 649 2289 τε
662 2237 717 2297 τσῖς
725 2237 820 2298 κοινοῖς
831 2234 882 2291 τῶν
897 2230 1000 2292 πόλεων

218 2318 374 2399 πράγμασι,
394 2317 439 2378 καί
453 2322 480 2379 ἐν
490 2322 544 2386 τοῖς
557 2318 632 2387 ἰδέαις
643 2318 722 2398 βίοις,
737 2317 801 2399 πρδς
815 2318 849 2379 τά
862 2321 998 2381 τελευταῖα

220 2408 272 2464 τῶν
294 2406 494 2482 συμόαινόντων
515 2405 562 2475 τδις
586 2408 702 2474 διανοίας
728 2406 998 2486 μεθαρμοττομένων,

219 2496 265 2555 καὶ
290 2495 417 2566 πολλάκις
438 2497 535 2579 ἔχθρας
551 2519 579 2556 τε
600 2496 717 2578 μεγάλας
738 2496 781 2557 διδ
803 2495 852 2566 τίις
866 2499 998 2576 τυχούσας

166 2612 192 2651 m
218 2585 417 2666 φιλανθρωπίας
440 2584 664 2660 καταλυομένων,
688 2585 734 2643 καλ
755 2583 842 2664 φιλίας
863 2587 998 2667 πολυχρο-

218 2672 287 2742 νίους
303 2675 346 2733 διὰ
369 2672 451 2752 μικρά
466 2673 513 2731 καί
527 2675 616 2752 φαῦλα
633 2672 843 2754 προσκρούματα
864 2674 995 2755 διαιρούν·

216 2784 285 2837 των,
302 2765 395 2822 ἐκεῖνοι
413 2763 563 2821 τούναντίον
578 2763 623 2820 ἐπὶ
641 2765 693 2820 τῶν
707 2763 789 2840 φίλων
804 2761 887 2844 ᾤοντο
900 2767 998 2843 χρῆναι

216 2855 319 2923 ποιεῖν,
337 2852 395 2919 ταῖς
408 2873 437 2911 τε
455 2853 584 2917 παλαιαῖς
600 2851 760 2930 εὐεργεσίαις
774 2851 930 2930 χαρίζεσθαι
949 2854 997 2921 τάς

217 2941 263 3002 ἐπί
280 2949 333 3009 τοῖς
348 2940 510 3022 προσφάτοις
532 2939 698 3017 ἐγκλήμασιν
723 2940 809 3019 ὀργάς.
853 2939 890 3021 (9)
915 2943 995 3002 Θαυ-

163 3048 190 3089 ao
216 3030 319 3107 μαστὸν
335 3029 382 3106 μίν
403 3027 435 3099 δὴ
454 3030 500 3085 καί
521 3035 599 3086 τοῦτο
619 3030 670 3086 τῶν
686 3028 801 3106 ἀνδρῶν·
825 3028 896 3106 λέγω
919 3030 946 3088 δέ
966 3029 995 3090 τδ

217 3117 311 3195 μηδενὶ
332 3119 533 3195 μνησικακῆσαι
547 3119 601 3174 τῶν
618 3119 794 3189 Τυσκλανῶν,
813 3117 883 3176 ἀλλά
894 3116 995 3187 πάντας

216 3211 318 3289 ἀφεῖναι
337 3204 395 3274 τοὺς
409 3203 604 3283 ἐξαμαρτόντας
626 3205 767 3281 ἀζημίους·
794 3206 885 3287 πολλῷ
908 3207 931 3264 δ’
956 3206 995 3267 ἐτι

215 3297 308 3356 τούτου
333 3292 565 3375 θαυμασιώτερον,
582 3292 597 3352 θ
612 3292 680 3370 μετά
704 3293 753 3364 την
768 3292 860 3375 ἀφεσιν
884 3299 936 3353 τῶν
952 3298 995 3374 ίγ-

215 3385 361 3462 κλημάτων
382 3386 469 3451 αὐτοῖς
492 3382 664 3463 ἐχαρίσαντο.
718 3382 901 3459 Σκοπούμενοε
929 3386 994 3465 γὰρ,

177 3498 188 3534 a
216 3478 251 3540 ὡς
269 3474 351 3551 μηδὲν
367 3473 405 3532 ἔτι
419 3477 535 3533 τοιοῦτον
551 3472 596 3531 ἐπὶ
612 3469 735 3551 τῇπόλει
755 3472 912 3549 γενήσεται,
926 3476 994 3548 μηδὲ

216 3563 336 3643 ἀφορμὴν
356 3567 534 3640 νεωτερισμοῦ
553 3559 682 3642 λήψονταί
698 3583 784 3633 τινες,
801 3559 860 3620 ούτε
877 3564 994 3644 φρουράν

215 3654 251 3717 εἷς
271 3651 319 3723 τὴν
336 3649 479 3731 ἀκρόπολιν
499 3652 586 3708 αὐτῶν
606 3647 688 3731 ᾤοντο
712 3650 766 3708 δεῖν
786 3650 915 3727 εἰσάγειν,
936 3652 994 3711 οὔτε

215 3740 288 3819 παρά
304 3743 356 3797 τῶν
370 3740 584 3818 ἐπιφανεστάτων
609 3739 710 3815 ἀνδρῶν
723 3739 811 3818 όμηρα
824 3738 992 3814 λαμύάνειν,

215 3830 272 3889 οὔτε
287 3827 356 3887 ὅπλα
370 3828 429 3895 τοὺς
444 3827 552 3906 ἔχοντας
564 3825 722 3907 ἀφελέσθαι,
733 3826 792 3886 οὔτε
805 3826 872 3885 ἄλλο
886 3829 993 3904 σημεῖον

185 3954 189 3980 ε
215 3917 288 3978 οὐδέν
307 3918 502 3994 ἀπιστουμένης
515 3917 603 3996 φιλίας
623 3919 746 3987 ποιῆσαι.
768 3916 841 3975 Μίαν
860 3913 888 3973 it
900 3915 993 3995 πρᾶξιν

215 4006 326 4082 οἰόμενοι
341 4006 460 4085 συνέχειν
478 4005 599 4071 άπαντας
618 4003 678 4070 τοὺς
692 4001 762 4061 κατθ
786 4004 957 4079 συγγένειαν,
975 4003 992 4076 ἢ

215 4095 302 4176 φιλίαν
318 4095 499 4175 προσήκοντας
513 4093 654 4163 ἀλλήλοις,
676 4090 792 4162 τὴντῶν
808 4092 915 4167 ἀγαθῶν
933 4092 993 4150 ico-

215 4183 335 4262 μοιρίαν,
347 4182 482 4241 πολιτείαν
497 4182 615 4259 ίγνωσαν
628 4187 682 4246 τοῖς
697 4184 851 4258 κρατηθεῖσι
862 4178 994 4259 χαρίσασ·

215 4279 273 4343 θαι,
303 4270 409 4328 πάντων
434 4269 606 4344 μεταδόντες,
634 4259 670 4327 ῶν
693 4272 746 4334 τοῖς
773 4267 917 4345 Ῥωμαίοις
942 4295 991 4344 με-

175 4387 186 4421 s
214 4364 274 4429 τῆν,
292 4357 355 4436 (λθ)
370 4359 398 4416 οὒ
414 4356 462 4428 τὴν
480 4359 562 4429 αὐτὴν
577 4357 694 4416 διάνοιαν
709 4356 834 4424 λαόόντες
856 4367 908 4426 τοῖς
932 4357 990 4426 ἀξε-

214 4455 270 4506 οῶσε
285 4452 332 4518 τῆς
347 4446 475 4514 Ἑλλάδος
489 4448 588 4527 άρχειν,
604 4446 657 4506 οὔτ’
674 4446 818 4516 Ἀθηναίοις
831 4446 890 4506 οὔτε
904 4452 991 4508 Λακε-

213 4534 365 4612 δαιμονίοις.
409 4536 443 4594 Τί
465 4535 515 4613 γάρ
537 4536 576 4593 δεῖ
598 4533 658 4612 περί
679 4538 731 4592 τῶν
747 4536 834 4593 ἀλλων
851 4535 988 4605 Ἑλλήνων

212 4626 313 4702 λέγειν;
331 4623 461 4695 Ἀθηναῖοι
483 4624 529 4699 μέν
547 4647 577 4700 γε
592 4623 730 4701 Σαμίους,
744 4626 871 4691 ἀποίκους
885 4626 987 4683 ἑαυτῶν

212 4716 301 4786 ὄντας,
317 4711 522 4787 Λακεδαιμόνιοι
538 4711 565 4769 δὲ
578 4712 759 4785 Μεσσηνίους,
782 4715 901 4792 ἀδελφῶν
917 4712 990 4771 οὐδέν

172 4830 177 4857 ι
213 4804 398 4884 διαφέροντας,
424 4800 514 4869 ἐπειδὴ
541 4802 739 4881 προσέκρουσαν
762 4805 850 4868 αὐτοῖς
873 4826 914 4873 τι,
932 4802 988 4859 δια-

212 4894 353 4967 λυσάμενοι
369 4891 416 4962 τλν
433 4892 585 4967 συγγένειαν
601 4891 682 4955 οὕτως
696 4893 778 4962 ὠμῶς
798 4889 990 4969 διεχειρίσαντο

213 4982 259 5038 καὶ
281 4981 433 5056 θηριωδῶς,
451 4976 540 5045 ἐπειδὴ
563 4975 610 5040 τάς
624 4977 712 5043 πόλεις
727 4980 811 5037 αὐτῶν
827 4981 935 5055 ὑποχειρ

1088 1986 1201 2037 conclusi
1226 1989 1351 2055 utrimque
1379 1991 1546 2045 seeiestissimi
1575 1997 1691 2050 urortaies
1718 2002 1842 2067 gregatim

1056 2072 1253 2128 trucidabantur.

1086 2174 1128 2224 vi.
1147 2175 1176 2224 in
1189 2188 1240 2238 quo
1257 2177 1422 2229 Romanorum
1434 2176 1511 2229 animi
1528 2177 1667 2242 mamitudo
1678 2179 1837 2245 intelligitur.

1055 2286 1117 2335 Nam
1125 2297 1205 2349 quum
1217 2285 1327 2351 plerique
1337 2300 1433 2347 omnes,
1447 2292 1502 2340 tum
1515 2287 1540 2341 iu
1550 2287 1662 2353 pubiicis,
1675 2293 1731 2340 tum
1740 2291 1767 2340 iu
1778 2293 1833 2356 pri·

1056 2389 1121 2441 rutis
1142 2390 1258 2455 negotiis.
1276 2404 1322 2456 pro
1335 2391 1404 2443 exitu
1420 2393 1523 2445 consilia
1533 2396 1687 2457 muruueteut,
1699 2408 1731 2446 ac
1744 2399 1835 2462 saepis·

1055 2495 1118 2545 simc
1135 2494 1253 2559 capitales
1273 2494 1412 2546 iuimicitias
1433 2496 1466 2546 ob
1484 2496 1607 2550 tcvtsstm
1619 2496 1741 2551 mucis
1759 2499 1839 2567 (tepo-

1053 2593 1131 2662 nmt,
1146 2604 1232 2651 contra
1249 2601 1370 2652 amicitias
1384 2601 1568 2654 uetustissimus
1581 2602 1679 2669 exigua
1689 2604 1839 2658 otteusionis

1054 2719 1141 2757 caussa
1157 2706 1309 2768 dissolvant,
1331 2719 1435 2772 prorsus
1453 2706 1525 2759 aliter
1545 2709 1650 2760 iiomaui
1664 2724 1724 2762 cum
1749 2712 1836 2764 amicis

1053 2811 1174 2875 agendum
1187 2825 1243 2864 esse
1255 2811 1428 2863 existimarunt
1443 2830 1449 2862 ε
1468 2812 1530 2864 irem
1544 2813 1640 2866 scilicet
1649 2828 1682 2866 ex
1693 2816 1836 2869 recentibus

1051 2915 1150 2981 injuriis
1165 2917 1296 2969 couiiaiam
1311 2917 1420 2982 pristinis
1441 2917 1536 2969 meritis
1549 2918 1686 2971 condonari
1709 2927 1834 2986 oportere.

1050 3022 1138 3086 iiagnn
1159 3021 1290 3086 igiturest
1309 3020 1471 3073 admiratione
1489 3021 1536 3073 boc
1555 3021 1655 3075 iliorum
1675 3021 1774 3076 iacinus
1793 3025 1836 3077 di·

1052 3138 1134 3188 gnum,
1149 3125 1216 3188 quod
1229 3123 1261 3175 de
1273 3124 1373 3175 nemine
1381 3125 1578 3176 Tusculanorum
1591 3138 1680 3189 poenas
1688 3129 1834 3187 sumserint,

1051 3230 1094 3281 sed
1104 3230 1219 3293 injuriam
1231 3229 1348 3280 omnibus
1362 3229 1511 3281 remiserint.
1529 3233 1561 3279 Αῑ
1575 3230 1648 3293 longe
1659 3231 1745 3281 maiori
1755 3233 1836 3283 admi·

1050 3335 1145 3387 ratione
1155 3336 1256 3400 dignum
1270 3334 1331 3385 iitud
1346 3339 1393 3394 est,
1409 3334 1476 3397 quod
1487 3349 1605 3387 concessa
1626 3339 1694 3387 venia
1712 3351 1770 3387 mox
1787 3339 1835 3389 iis-

1050 3442 1107 3492 dem
1121 3441 1251 3504 gratificati
1265 3442 1331 3491 sunt.
1365 3443 1448 3498 Quum
1460 3439 1525 3490 enim
1539 3441 1672 3505 providere
1687 3442 1785 3503 retient,
1800 3457 1833 3494 ne

1049 3547 1110 3613 quid
1122 3548 1225 3612 posthac
1234 3545 1355 3612 ejusmodi
1365 3547 1449 3596 contra
1461 3545 1548 3598 urbem
1558 3553 1698 3611 pararetur,
1712 3562 1775 3599 neve
1791 3564 1834 3599 oc-

1050 3653 1116 3703 casio
1132 3665 1213 3702 rerum
1224 3665 1343 3703 novamm
1358 3651 1415 3703 uitis
1429 3651 1620 3715 reiinqueretur,
1631 3659 1775 3708 statuerunt
1784 3671 1834 3707 non

1050 3757 1150 3820 quidem
1165 3755 1306 3820 presidium
1317 3756 1341 3805 in
1358 3770 1415 3807 arce
1428 3756 1549 3807 collucere
1558 3772 1639 3822 neque
1651 3774 1667 3810 a
1681 3761 1836 3827 principibus

1049 3862 1147 3914 obsides
1160 3861 1284 3926 accipere,
1295 3876 1373 3926 neque
1385 3875 1454 3912 mma
1468 3861 1577 3914 adimere
1586 3864 1722 3927 juventuti,
1732 3868 1835 3920 aliudne

1049 3959 1115 4024 quod
1133 3965 1257 4024 suspectae
1276 3961 1389 4011 amicitie
1409 3959 1527 4010 indicium
1543 3962 1676 4025 prebere:
1695 3966 1740 4017 sed
1755 3983 1833 4032 quum

1048 4067 1233 4126 existimarent,
1251 4067 1329 4117 solam
1343 4080 1398 4119 esse
1408 4066 1606 4120 communionem
1623 4070 1755 4134 bonorum,
1774 4089 1833 4137 qum

1048 4157 1160 4207 homines
1174 4156 1295 4215 amicitia,
1308 4161 1352 4207 aut
1364 4155 1508 4221 cognatione
1523 4158 1684 4224 conjunctos,
1701 4161 1725 4210 in
1739 4166 1831 4212 mutua

1047 4257 1178 4309 eoncordia
1192 4256 1331 4318 contineat,
1348 4256 1473 4309 civitatem
1489 4258 1563 4310 uictis
1575 4257 1633 4310 dare
1645 4259 1828 4319 decreverunt,

1047 4356 1128 4406 omnia
1145 4357 1218 4419 jura,
1235 4369 1389 4419 quaecunque
1398 4356 1496 4408 civibus
1508 4355 1628 4420 indigenis
1640 4355 1829 4418 competebant,

1048 4454 1084 4504 cis
1101 4455 1283 4517 impertientes,
1308 4454 1376 4514 longe
1397 4454 1445 4505 niia
1465 4457 1576 4519 proiecto
1591 4451 1723 4511 sententia,
1746 4458 1830 4520 nique

1046 4552 1089 4609 itti,
1103 4552 1145 4614 qui
1158 4551 1216 4600 otim
1228 4551 1390 4615 principatum
1401 4554 1503 4602 Groecim
1515 4550 1650 4608 ambibunt,
1662 4550 1829 4605 Athenienses

1045 4670 1075 4706 ac
1093 4655 1285 4714 Laeedmmonii3
1302 4655 1360 4717 quint
1381 4655 1447 4705 enim
1462 4656 1494 4705 de
1513 4653 1611 4718 reliquis
1627 4654 1720 4704 Grecis
1736 4658 1826 4709 attinet

1045 4756 1532 4823 ‹licerern'amqmAtheniensesquidem
1542 4756 1826 4819 samioscotonossuos,

1045 4861 1222 4911 Lucedumonii
1233 4874 1290 4911 rero
1307 4859 1457 4917 Messenios,
1473 4860 1580 4910 fraterna
1592 4857 1754 4923 germanitate
1766 4874 1826 4910 ron·

937 4975 990 5042 γους
1042 4963 1150 5024 junctos,
1164 4966 1293 5025 postquam
1307 4961 1338 5011 ab
1352 4962 1401 5011 iiiis
1418 4961 1507 5011 otiensi
1527 4965 1594 5022 sunt,
1611 4962 1752 5012 renuntiata
1766 4975 1825 5013 mox

212 5066 322 5135 έλαόον,
338 5065 407 5123 ὥστε
422 5066 489 5140 μηδὲ
505 5068 557 5130 τοῖς
577 5066 749 5141 ἀγριωτάτοις
768 5068 820 5122 τῶν
845 5064 988 5145 βαρόάρων
1044 5060 1201 5120 θθάθθίῑῡθθν
1217 5058 1295 5108 θ’ῑθίῡθ
1313 5063 1388 5121 nique
1409 5059 1432 5108 5¹¹
1447 5062 1595 5122 θθίθθίθίθω
1618 5060 1732 5110 mittis
1754 5064 1824 5111 ¹³¹¹¹i

212 5151 359 5231 ὑπερύολὴν
376 5157 422 5223 τῆς
437 5154 472 5218 εἰς
485 5152 518 5210 τά
538 5152 660 5232 ὁμόφυλα
684 5153 851 5230 παρανομίας
872 5157 987 5233 παραλι-
1044 5163 1180 5214 acerbitate
1195 5176 1224 5213 ac
1244 5163 1343 5213 ienitate
1364 5166 1515 5221 tractarunt,
1529 5165 1557 5212 ut
1572 5161 1717 5226 quorumvis
1732 5161 1823 5213 berba-
