3772 5828
588 379 880 453 ANTIQUITATUM
901 382 1048 445 ROMAN.
1072 385 1146 446 titt.
1171 388 1236 448 vll.

151 513 218 577 Ιίόψι
229 511 249 562 δΙ
265 509 431 578 ἀπαρχόμενος
448 510 519 575 σχίζῃ
534 512 602 574 δρυός
612 548 619 574 ,
631 515 660 569 ἢν
672 512 725 562 λίπε
737 512 817 563 κείων.

151 586 196 635 Τὸν
209 581 230 633 δ’
242 589 309 638 ἔλιπε
321 583 397 647 ψυχή·
407 583 444 632 τοὶ
456 583 590 647 θ’ίσραξάν
601 585 675 632 τεκαὶ
689 584 772 634 εθσαν.

75 752 215 834 Ἀπαρχάς
236 753 261 811 τ’
277 753 331 811 άπδ
344 755 396 811 τῶν
412 751 587 830 σπλάγχνων,
603 752 649 810 καί
672 752 725 812 ἀπὸ
748 755 800 810 τῶν
821 751 868 811 ἄλ·

90 845 142 902 λων
156 841 342 917 λαμόάνοντας
357 842 459 918 μελῶν,
471 840 517 899 καί
532 839 630 907 ταύτας
645 839 763 921 ἀλρίτοις
779 839 868 900 δεύον·

52 948 65 984 s
92 954 139 998 τας
151 930 196 989 καί
215 928 400 1006 καθαγίζοντας
426 927 470 988 ίπί
491 931 542 987 τῶν
560 932 674 1008 βωμῶν,
699 932 734 997 ὡς
754 928 797 989 tut
821 933 868 1002 τῆς

94 1022 173 1090 αὐτῆς
187 1018 257 1076 ποιεί
270 1018 367 1084 θυσίας·

228 1202 242 1250 ό
253 1201 273 1250 d'
285 1201 428 1263 ὠμοθετεῖτο
439 1200 565 1258 συθώτης,

156 1272 275 1323 ῐίοίντοθεν
287 1272 416 1335 ἀρχόμενος
428 1273 516 1334 μιλίων
528 1271 551 1327 ἐς
562 1273 632 1322 πίονα
643 1273 727 1334 δημόν·

154 1344 201 1395 Καὶ
214 1343 244 1391 τὰ
256 1343 298 1405 μὶν
308 1342 331 1391 δν
341 1343 397 1407 πυρί
410 1343 480 1406 βάλλε
492 1340 597 1399 παλύνας
611 1344 708 1407 ἀλρίτου
722 1345 791 1408 ἀκτή.

41 1533 65 1570 ¹⁰
130 1519 225 1578 Ταῦτα
241 1514 268 1573 δί
292 1513 445 1590 Ῥωμαίους
460 1512 499 1573 Its
523 1513 567 1573 καί
584 1516 620 1581 είς
638 1510 684 1589 tut
701 1513 867 1592 πράττοντας

92 1604 136 1665 ἐπί
148 1606 205 1674 ταῖς
216 1603 316 1670 θυσίαις
330 1602 394 1661 ίδὼν
413 1603 568 1678 ἐπίσταμαι·
581 1603 627 1662 καλ
644 1611 692 1684 μιᾷ
705 1603 794 1662 πίστει
805 1605 868 1684 τῇδε

94 1693 252 1774 ἀρκούμενος
264 1693 294 1751 ού
305 1689 453 1771 βαρόάρους
461 1689 583 1761 ἐπείσθην
599 1679 667 1748 εἶναι
678 1687 737 1756 τούς
753 1691 870 1759 οίκιστάς

92 1786 139 1852 τ’ής
159 1780 282 1857 Ῥώμης,
298 1780 356 1837 ἀλλ’
372 1782 400 1839 Iu
417 1780 521 1837 πολλῶν
539 1776 626 1836 τόπων
647 1778 855 1850 συνεληλυθότας

92 1867 239 1943 Ἕλληνας.
255 1866 349 1945 Ὀλίγα
365 1865 413 1943 μὲν
428 1867 478 1946 γδιρ
495 1865 692 1942 ἐπιτηδεύματα
709 1867 770 1945 περὶ
781 1869 872 1935 θυσίας

40 1977 64 2015 ts
93 1981 122 2015 τε
145 1956 190 2015 καί
215 1955 305 2030 ίορτίις
326 1954 420 2033 δμοίως
448 1952 566 2024 Ἕλλησι
589 1955 634 2013 καί
653 1953 801 2034 βαρόοίρους
825 1956 871 2015 καί

92 2043 230 2118 πλάνητας
241 2045 368 2103 ἐπιτελεῖν
377 2048 520 2125 ίνδὲχεται·
533 2051 637 2103 ἅπαντα
648 2048 676 2103 st
691 2045 775 2103 ταύτὰ
785 2054 872 2126 πράτ·

92 2157 145 2192 τειν
161 2137 294 2194 ἀπίθανον.

132 2223 263 2283 LXXIII.
289 2219 387 2281 Λοιπὸν
407 2219 435 2279 δί
454 2222 510 2280 tori
524 2244 569 2298 μοι
590 2220 710 2301 καὶπερὶ
732 2225 783 2280 τῶν
799 2222 872 2302 ἀγόν·

92 2334 159 2381 νων,
175 2308 218 2377 ob<
243 2309 310 2385 μετά
332 2307 380 2380 τήν
395 2308 505 2386 πομπήν
526 2307 678 2380 ίπετίλουν,
704 2306 780 2386 ὀλίγα
801 2310 870 2370 διελ·

39 2413 66 2452 to
92 2400 157 2460 θεῖν.
202 2401 311 2478 Πρῶτος
334 2399 415 2456 δτῶν
431 2397 579 2477 τεθρίππων
601 2420 629 2456 τε
652 2396 698 2454 καί
719 2397 868 2476 συνωρίδων

94 2486 140 2544 καὶ
164 2490 216 2545 τῶν
232 2485 363 2555 ἀζεύκτων
386 2482 475 2543 ίππων
501 2485 599 2562 ἐγίνετο
622 2483 733 2562 δρόμος,
758 2488 793 2551 ὡς
808 2484 871 2565 παρ’

94 2572 214 2646 Ἕλλησι
239 2573 270 2630 τδ
295 2574 405 2653 ἀρχαῖον
428 2572 595 2648 Ὀλυμπιάσι
618 2595 648 2631 τε
670 2572 716 2630 καί
732 2574 812 2653 μέχρι
826 2580 872 2633 τοῦ

95 2661 233 2742 παρόντος.
277 2660 325 2720 Ἐν
340 2659 367 2718 δί
384 2667 440 2726 ταῖς
453 2662 574 2726 ἱππικαῖς
589 2661 713 2734 ἁμίλλαις
728 2662 868 2736 ίπιτηδεύ-

96 2775 170 2829 ματα
190 2749 235 2809 δύο
255 2751 306 2807 τῶν
330 2749 399 2807 πάνυ
421 2750 561 2822 παλαιῶν,
577 2753 612 2815 ὡς
628 2747 653 2813 tt
673 2751 757 2829 ἀρχῆς
782 2752 872 2829 ίνομο·

40 2855 68 2894 uo
96 2837 208 2909 θετήθη,
226 2835 411 2917 φυλαττόμενα
433 2834 483 2896 ύπδ
494 2833 638 2910 Ῥωμαίων
654 2833 734 2915 μέχρι
749 2839 802 2895 τῶν
814 2839 874 2898 κατ’

96 2925 142 3003 ἐμὲ
166 2925 294 2984 διάκειται
317 2924 435 3004 χρόνων,
453 2923 484 2984 τό
504 2948 532 2983 τι
554 2924 614 3004 περί
636 2923 670 2983 τά
686 2924 807 3004 τρίπωλα
821 2929 873 2986 τῶν

97 3015 233 3096 ἁρμάτων·
248 3013 262 3075 ό
280 3017 344 3091 παρ’
358 3011 476 3085 Ἕλλησι
491 3013 538 3086 μίν
557 3013 708 3072 ἐκλέλοιπεν
721 3016 831 3095 ἀρχαῖον
844 3014 873 3075 δν

97 3104 258 3181 ἐπιτήδευμα
279 3102 325 3162 καί
340 3100 471 3181 ήρωῖκδν,
486 3092 509 3183 ᾧ
521 3109 591 3160 ποιεῖ
606 3102 666 3169 τοὺς
678 3098 816 3177 Ἕλληνας
829 3103 876 3166 ‘0-

1641 406 1700 464 tib

893 522 898 585 ξ
977 525 1094 569 Percussit
1101 526 1194 571 subluto
1206 541 1295 584 quorun
1306 531 1392 585 stipite,
1405 544 1473 588 quem
1488 537 1558 594 liquit
1568 546 1701 595 profectus:

894 589 898 647 Ι
976 594 1052 639 illum
1070 608 1123 639 cero
1141 597 1234 653 reliquit
1253 597 1349 649 utriusq,-
1364 606 1388 644 ut
1403 602 1442 648 ι’ίίὶ
1458 617 1512 648 eum
1523 607 1666 663 r‘rtpuluruut
1679 621 1702 660 el

1572 678 1700 733 [susurrent.

923 787 1021 838 inducit
1030 789 1105 839 etiam
1118 803 1160 842 eos
1177 792 1299 856 primitias
1318 801 1433 849 extorum
1447 804 1472 849 et
1492 801 1597 856 oliorum
1621 823 1701 859 mem·

922 874 1022 926 brorum
1037 877 1178 941 capientes,
1191 894 1283 948 easque
1297 883 1374 934 larius
1390 885 1580 954 adspergentes,
1599 899 1624 945 et
1637 896 1698 947 udo-

923 963 1082 1032 lentessupra
1093 981 1163 1033 aras,
1177 969 1242 1022 sicut
1251 972 1276 1024 iu
1288 972 1376 1026 eodem
1390 976 1512 1030 sacdficio
1522 979 1584 1033 dicit
1599 999 1605 1029 ε

1064 1210 1156 1256 Crrrdas
1166 1216 1246 1256 autem
1256 1211 1367 1268 imposuit
1376 1215 1502 1268 subulcus,

972 1281 1008 1325 Ea
1018 1280 1127 1325 omuibus
1138 1293 1237 1338 corpeus
1250 1281 1360 1326 membris
1370 1283 1489 1339 priminas
1506 1287 1625 1332 irruolutar
1640 1292 1695 1346 pin·

974 1428 1050 1481 Atque
1059 1422 1108 1466 brac
1117 1421 1211 1478 quidem
1221 1423 1247 1466 ιἰι
1257 1424 1335 1478 ι’μιιεπι
1345 1424 1400 1468 r'ecr'l
1409 1425 1507 1481 odpcraa
1514 1359 1693 1483 flIIIIaIIIIZ'

921 1521 981 1570 linc
994 1523 1078 1570 autem
1091 1533 1106 1568 a
1119 1519 1235 1569 Romanis
1252 1519 1329 1569 eliam
1350 1524 1423 1571 atate
1445 1535 1501 1573 mea
1521 1523 1545 1573 in
1569 1527 1697 1577 sacrificiis

919 1600 1048 1651 obseruari
1060 1599 1112 1663 ipse
1132 1597 1182 1647 vidi
1198 1618 1203 1647 ι
1226 1601 1251 1648 et
1265 1600 1312 1648 troc
1327 1613 1376 1649 uuo
1389 1606 1533 1661 argumento
1548 1609 1696 1665 contentus,

920 1673 1039 1740 adducor,
1053 1682 1081 1728 ut
1097 1678 1196 1727 arulam
1216 1681 1300 1729 Roma
1318 1679 1458 1732 conditores
1469 1683 1569 1733 minime
1581 1685 1699 1736 barbaros

923 1758 1014 1816 luisse,
1038 1755 1082 1806 sed
1103 1757 1217 1816 urucas,
1238 1757 1281 1820 qui
1305 1771 1335 1808 er
1352 1760 1427 1809 variis
1446 1763 1506 1811 iocis
1530 1767 1697 1817 convenerint.

922 1836 985 1887 Fieri
997 1835 1062 1885 enim
1076 1838 1173 1898 polest,
1188 1837 1216 1882 ut
1227 1833 1302 1884 etiam
1315 1833 1411 1885 barbari
1430 1837 1507 1901 aliqui
1520 1841 1543 1888 in
1556 1844 1642 1904 prucis
1656 1858 1699 1894 sa-

922 1929 1020 1966 cromm
1039 1915 1065 1963 et
1084 1913 1204 1962 leslorum
1226 1912 1315 1964 ritibus
1334 1929 1390 1964 cum
1410 1918 1503 1966 Graecis
1523 1923 1698 1975 consentiant:

923 1997 965 2046 sed
986 1998 1015 2044 ut
1032 1994 1114 2043 omnia
1138 1993 1224 2043 eodem
1246 1993 1321 2044 modo
1338 2001 1470 2059 peragant,
1487 1997 1525 2047 viu
1545 2004 1584 2049 est
1600 2004 1701 2054 creden·

922 2077 991 2127 dum.

948 2228 1058 2280 uxxnr.
1076 2225 1207 2290 uettquum
1219 2230 1257 2277 est
1269 2227 1345 2290 milri,
1361 2233 1388 2281 ul
1398 2233 1483 2297 paucis
1493 2233 1567 2285 etiam
1584 2251 1655 2302 agam
1664 2238 1696 2289 de

919 2324 1000 2385 ludis,
1018 2336 1082 2388 quos
1092 2325 1191 2388 peracta
1206 2306 1295 2389 pompa
1307 2325 1438 2380 iaciebant.
1472 2331 1695 2402 Primuseratqua.

919 2419 1046 2485 drigarum
1063 2420 1089 2468 et
1104 2416 1215 2480 bigarum
1236 2420 1262 2468 et
1279 2418 1440 2484 singularium
1453 2437 1573 2488 equorum
1589 2444 1696 2496 cursus,

919 2514 984 2565 sicut
996 2516 1023 2562 et
1033 2511 1091 2563 olim
1103 2509 1168 2574 apud
1182 2511 1292 2574 dracas,
1308 2516 1335 2563 et
1348 2515 1379 2564 ad
1390 2513 1454 2567 hauc
1468 2531 1547 2582 usque
1559 2525 1658 2575 totalem
1674 2528 1698 2578 in

919 2609 987 2661 ludis
999 2606 1143 2672 olympiacis
1156 2606 1191 2656 itt.
1225 2609 1254 2656 In
1272 2609 1427 2672 equestribus
1452 2618 1536 2663 aulem
1559 2619 1699 2671 certamini·

922 2708 970 2760 bus
978 2707 1028 2758 duo
1040 2707 1182 2770 peruetusta
1193 2703 1321 2765 instituta,
1342 2711 1371 2756 ut
1379 2707 1439 2758 olim
1453 2710 1551 2762 luerunt
1561 2719 1701 2780 praeopta,

922 2808 957 2859 lta
977 2805 1120 2857 altomauis
1137 2804 1168 2853 ad
1189 2818 1269 2855 aream
1291 2819 1370 2869 usqne
1390 2809 1489 2857 etatem
1513 2807 1699 2861 observantur:

924 2920 1002 2958 unum
1012 2907 1051 2956 est
1068 2905 1201 2967 trigarum,
1216 2902 1284 2966 quod
1297 2903 1321 2952 in
1335 2903 1431 2954 Gracia
1449 2906 1548 2968 quidem
1559 2908 1681 2961 obsolevit
1695 2950 1700 2970 ,

923 3004 1051 3056 uetustum
1063 3003 1090 3051 et
1099 2999 1226 3050 heroicum
1237 2999 1395 3061 institutum,
1412 3014 1463 3064 quo
1476 3002 1576 3053 Grecos
1594 3007 1618 3055 in
1630 3021 1702 3071 proe·
1782 3018 1787 3029 ·

924 3101 964 3153 liis
977 3112 1037 3151 usos
1048 3100 1171 3149 Homerus
1188 3101 1303 3148 testatur.
1338 3099 1401 3148 itam
1413 3097 1510 3149 duobus
1522 3101 1593 3163 equis
1604 3102 1703 3166 iunctis,

98 3216 179 3270 μηρος
189 3195 216 3251 ίν
226 3201 283 3259 ταῖς
290 3191 390 3271 μάχαις
400 3189 563 3270 χρωμίνους.
573 3189 640 3250 duab
648 3189 699 3271 γὰρ
710 3190 800 3260 ἵπποις
808 3194 876 3264 liso-
925 3195 1062 3262 quomodo
1078 3194 1138 3258 bigas
1151 3191 1294 3257 iunguntur,
1308 3190 1445 3242 addebatur
1464 3193 1552 3243 tertius
1565 3209 1645 3258 equus
1661 3198 1700 3247 lu·

43 3296 71 3336 su
97 3281 217 3358 γμίνοις,
234 3279 262 3338 θν
276 3278 371 3358 τρόπον
387 3277 520 3356 ζεύγνυται
532 3280 657 3360 συνωρίς,
676 3279 761 3359 τρίτος
781 3279 873 3361 παρεί·

98 3391 162 3427 πετο
178 3377 291 3447 σειραῖος
300 3365 381 3433 ίππος
396 3369 490 3448 ῥυτῆρι
507 3364 697 3445 συνεχόμενος,
713 3366 743 3426 όν
758 3367 811 3427 ἀπὸ
828 3374 873 3428 τοῦ

98 3457 288 3535 παρῃωρῆσθαί
310 3477 338 3512 τε
359 3454 404 3514 καί
427 3452 465 3530 μὴ
480 3455 649 3532 συνεζεῦχθαι
664 3453 798 3535 παρήορον
812 3455 873 3514 ίνιά·

98 3547 159 3604 λουν
178 3545 202 3601 οί
223 3543 342 3603 παλαιοί.
395 3541 507 3622 Ἕτερον
526 3539 554 3601 δί
571 3545 635 3621 παρ’
652 3541 751 3619 ὀλίγαις
772 3542 811 3601 ίτι
826 3567 875 3624 ρυ·

99 3630 259 3705 λαττόμενον
282 3628 389 3689 πόλισιν
410 3627 564 3702 Ἑλληνίσιν
588 3633 614 3689 ίν
636 3629 874 3711 ίερουργίαιςτισίν

44 3741 71 3779 st
100 3724 257 3801 ἀρχαϊκαῖς,
274 3721 350 3777 ότῶν
366 3717 610 3796 παρεμόεόηκότων
629 3722 682 3785 τοῖς
698 3717 800 3800 ἅρμασι
816 3719 875 3799 δρό-

100 3832 155 3883 μος.
198 3806 286 3868 Ὅταν
301 3804 353 3885 γάρ
377 3805 450 3873 τίλος
477 3807 504 3865 αί
527 3809 579 3865 τῶν
592 3804 681 3866 ίιτπων
698 3808 809 3885 ἅμιλλαι
823 3807 876 3870 λά-

100 3895 200 3973 θωσιν,
225 3896 412 3967 ἀποπηδῶντες
435 3893 487 3952 άπὸ
518 3896 570 3952 τῶν
594 3894 719 3975 ἁρμάτων
739 3901 764 3956 ot
787 3919 872 3978 παρο·

98 3985 224 4063 χούμενοι
235 3993 289 4051 τοῖς
301 3982 429 4063 ἡνιόχοις,
438 3984 482 4050 οὓς
492 3984 516 4040 ot
525 3984 634 4054 ποιηταί
644 3984 692 4059 μὲν
706 3984 873 4064 παραόάτας,

100 4074 230 4145 Ἀθηναῖοι
264 4072 292 4133 dt
319 4075 443 4133 astutiora
478 4071 631 4146 ἀποόάτας,
667 4071 710 4132 τόν
741 4076 875 4135 σταδιαῖον

44 4181 72 4220 ω
99 4163 266 4241 ἁμιλλῶνται
278 4162 373 4242 δρόμον
389 4160 463 4221 αύτοί
476 4159 540 4241 πρός
553 4160 693 4232 ἀλλήλους.
736 4162 876 4222 Τελεσθίν·

98 4276 149 4310 των
164 4251 192 4310 δὲ
212 4253 264 4310 τῶν
287 4252 403 4310 ἱππικῶν
418 4248 521 4331 δρόμων
536 4251 560 4308 οί
576 4249 628 4315 τοῖς
643 4251 742 4308 ἑαυτῶν
756 4248 876 4327 σώμασιν

98 4341 285 4418 ἀγωνιζόμενοι
307 4341 362 4398 τότ’
387 4338 508 4420 ιίσήεσαν
532 4338 636 4418 δρομεῖς
659 4360 687 4396 τε
710 4336 755 4397 καί
778 4337 877 4399 πύκται

99 4429 143 4487 καί
168 4425 326 4487 παλαισταί.
384 4426 456 4504 Τρία
479 4425 530 4505 γδιρ
557 4426 697 4503 ἀθλήματα
722 4425 797 4504 παρὰ
823 4434 876 4495 τοῖς

100 4514 217 4594 ἀρχαίοις
237 4513 356 4588 Ἕλλησι
371 4513 447 4573 ταῦτ’
460 4505 503 4587 ἦν,
518 4517 554 4582 ὡς
567 4513 692 4594 Ὅμηρος
703 4512 747 4574 ίπί
764 4518 797 4594 τῇ
812 4516 877 4576 Πα-

47 4621 73 4658 su
101 4606 213 4677 τρόκλου
245 4606 321 4677 δηλοῖ
344 4607 427 4684 ταρῇ.
470 4602 518 4662 Ἐν
541 4601 569 4660 δί
581 4610 635 4668 τοῖς
662 4602 705 4661 διὰ
721 4600 802 4679 μίσου
822 4606 875 4661 τῶν

102 4684 260 4765 ἀθλήμάτων
280 4691 381 4772 χρόνοις
415 4689 644 4763 Ἑλληνικώτατον
669 4691 714 4749 καί
736 4690 876 4770 κράτιστον

102 4777 227 4837 ἁπάντων
241 4782 304 4838 ἐθῶν
321 4780 528 4851 ἀπεδείκνυντο,
542 4779 716 4859 στεφανώσεις
730 4780 776 4839 καί
790 4783 877 4859 ἀναρ-

103 4867 190 4948 ρήσεις
213 4868 361 4945 ποιούμενοι
382 4873 484 4948 τιμῶν,
508 4858 551 4935 αἷς
576 4868 673 4946 ἐτίμων
697 4865 756 4935 τοὺς
778 4872 877 4928 ἑαυτῶν

100 4953 258 5037 εύεργίτας,
273 4960 308 5023 ὡς
318 4956 457 5036 Ἀθήνῃσιν
474 4960 501 5017 Iu
514 4965 571 5024 ταῖς
586 4962 768 5025 Διονυσιακαῖς
780 4956 877 5037 ἐγίνετο

46 5074 73 5110 so
102 5047 218 5120 θυσίαις,
240 5044 285 5104 καί
301 5045 404 5105 σκύλων
424 5047 491 5108 όσων
505 5051 535 5108 ίκ
556 5045 681 5124 πολέμων
696 5045 801 5106 λάδοιεν
819 5047 876 5105 tm·

102 5136 190 5204 δείξεις
204 5143 258 5201 τοῖς
275 5136 310 5200 είς
321 5135 382 5193 θέαν
398 5135 606 5209 συνεληλυθόσιν.
650 5133 730 5194 ’atti
745 5132 796 5212 γὰρ
810 5130 877 5215 ύπίρ

103 5224 150 5303 μίν
164 5223 262 5285 τούτων
277 5221 337 5282 οὔτε
358 5223 458 5302 μηθίνα
478 5224 640 5293 ποιήσασθαι
654 5223 730 5306 λόγον
746 5223 875 5284 ἀπαιτού·

926 3298 1059 3363 uatis,qui
1082 3297 1142 3348 iuris
1154 3294 1286 3345 adiunctus
1309 3294 1375 3350 erat,
1397 3306 1472 3357 quem
1489 3293 1563 3357 prisci
1583 3296 1705 3345 vocabant

926 3398 1061 3461 παρήορον,
1075 3394 1141 3459 quod
1152 3392 1207 3442 aliis
1220 3392 1288 3441 esset
1302 3389 1411 3440 adnexus
1423 3403 1469 3440 uec
1483 3390 1570 3441 eodem
1585 3391 1642 3453 iugo
1659 3393 1704 3441 ad·

927 3493 1032 3545 iunctus.
1066 3480 1178 3541 All'erum
1188 3502 1248 3539 uero
1259 3491 1314 3548 est,
1327 3487 1394 3551 quod
1409 3487 1492 3539 adbuc
1504 3490 1570 3554 apud
1584 3493 1705 3554 quosdam

927 3587 1031 3639 Grmcira
1051 3585 1154 3650 populos
1167 3583 1314 3634 observatur
1333 3583 1359 3632 in
1370 3584 1475 3634 vetustis
1491 3585 1641 3648 quibusdum
1664 3603 1706 3640 sa.

929 3684 1045 3744 unitatis,
1067 3696 1151 3733 eorum
1167 3680 1394 3740 videlicetcursus,
1413 3681 1457 3744 qui
1476 3695 1551 3733 curru
1573 3684 1705 3738 vehuntur.

929 3783 1008 3837 linito
1026 3780 1090 3832 enim
1102 3778 1210 3842 equestri
1227 3779 1361 3829 mrtamine
1373 3778 1407 3839 ii,
1419 3778 1462 3842 qui
1482 3779 1550 3842 prius
1559 3781 1630 3832 iuxta
1645 3784 1710 3833 auri·

929 3894 973 3945 gas
985 3877 1072 3929 eodem
1095 3888 1170 3925 curru
1192 3872 1355 3930 rebebautur,
1377 3888 1440 3938 quos
1459 3878 1539 3940 poetas
1559 3879 1708 3942 παραθᾰτας,

929 3974 1091 4029 Athenienses
1116 3970 1237 4028 ἀποθάτας
1257 3974 1364 4031 vocant,
1381 3971 1500 4022 decurro
1526 3972 1670 4026 desilientes
1685 3975 1709 4026 in

929 4074 1011 4127 stadio
1029 4071 1079 4137 ipsi
1100 4070 1164 4121 inter
1189 4068 1216 4121 se
1233 4082 1309 4120 cursu
1329 4072 1432 4119 certant.
1466 4069 1574 4119 Peractis
1596 4071 1710 4122 cursibus

931 4167 1103 4236 equestribus,
1126 4167 1233 4232 quisuis
1247 4167 1357 4232 ipsorum
1372 4163 1516 4230 corporibus
1536 4164 1708 4224 decertarent.

932 4284 1061 4330 cursuras,
1082 4267 1185 4333 pugiles,
1200 4266 1225 4313 et
1246 4263 1380 4312 luctatores
1395 4256 1515 4309 stadium
1528 4256 1706 4322 ingrediuntur.

933 4368 994 4417 lires
1005 4363 1071 4417 onim
1087 4360 1135 4413 tria
1148 4355 1312 4408 certaminum
1322 4365 1411 4415 genera
1424 4349 1491 4416 apud
1503 4352 1599 4414 priscos
1612 4353 1713 4402 Graecos

932 4456 1152 4517 metuerentur
1167 4454 1288 4503 Homerus
1311 4449 1336 4498 in
1358 4446 1467 4497 Patrocli
1488 4444 1573 4495 iuuere
1594 4444 1710 4495 declarat.

933 4558 1063 4616 Oetemm,
1076 4552 1160 4605 medio
1171 4547 1289 4612 temporis
1309 4545 1403 4610 spatio,
1416 4542 1486 4607 quod
1496 4543 1561 4594 inter
1575 4543 1713 4592 certamina

933 4647 1113 4706 interoedebat,
1123 4659 1155 4696 ex
1175 4656 1258 4701 more,
1271 4640 1314 4705 qui
1334 4636 1429 4692 Graecis
1444 4635 1550 4686 maxime
1567 4637 1621 4684 erat
1637 4647 1712 4698 pecu-

932 4745 1014 4805 liaris,
1037 4743 1065 4793 et
1082 4741 1151 4802 louge
1172 4735 1280 4786 omnium
1300 4726 1545 4796 optimus,burnines
1562 4727 1622 4776 bene
1636 4723 1668 4774 de
1686 4737 1714 4775 se

932 4836 1035 4889 meritos
1048 4831 1145 4884 comula
1158 4832 1185 4880 et
1202 4823 1333 4893 praeconiis
1352 4820 1516 4875 honorabant.
1533 4818 1597 4866 sicut
1610 4813 1713 4864 Athenis

933 4929 960 4980 iu
968 4925 1159 4979 Bacchanalibus
1170 4916 1368 4981 bebat,etspolia
1381 4913 1494 4964 hostibus
1504 4910 1587 4971 erepta
1598 4905 1655 4967 illis,
1669 4909 1712 4968 qui

933 5019 1011 5072 resad
1021 5015 1160 5083 spectacula
1169 5013 1343 5069 convenerant,
1351 5003 1519 5058 ostendebant.
1533 4998 1581 5050 Sed
1589 4998 1655 5049 enim
1666 5012 1712 5050 nec

933 5110 1052 5182 preclare
1064 5123 1091 5159 se
1112 5106 1253 5164 habuisset,
1272 5099 1341 5152 side
1360 5098 1398 5147 bis
1411 5093 1505 5144 nullam
1523 5105 1626 5157 prorsus
1641 5091 1710 5140 lecis-

933 5226 987 5266 sem
998 5209 1162 5267 mentionem,
1175 5204 1229 5269 ipss
1242 5196 1378 5262 argumenti
1393 5193 1488 5245 ratione
1506 5192 1554 5242 hoc
1567 5189 1712 5256 postulante
