3772 5828
600 365 891 440 ANTIQUITATUM
913 363 1060 426 bollan.
1085 363 1156 426 LlB.
1181 364 1228 425 lll.

104 501 276 584 πρεσόύτερος
309 504 360 560 τῶν
395 501 570 582 Ταρκυνίων,
601 497 667 578 ύπίρ
698 497 880 575 ἐόδομῆκοντα

103 595 149 666 ἔτη
179 590 294 672 γεγονὼς
324 591 356 649 ἀν
375 582 424 663 ἦν,
447 592 490 650 ότι
513 589 558 648 τὸν
579 588 693 649 Τύλλιον
719 588 880 648 ἀπέκτεινεν.

104 682 150 742 Ἐν
165 681 293 761 κρατίστῃ
303 678 330 737 δέ
339 702 370 758 γε
385 678 462 739 αὐτόν
476 678 569 758 ἡλικίορ
584 676 638 735 τότ’
648 677 711 736 ὄντα
725 675 882 755 παραδεδῶ·

103 794 179 830 κασιν
196 772 219 829 οἱ
242 774 418 846 συγγραφεῖς,
444 765 490 824 καί
513 788 592 845 φασιν
612 763 652 822 ὅτι
666 763 780 827 Τύλλιον
806 763 882 830 αὐτὸς

63 882 77 921 s
105 858 236 936 ἀράμενος
258 858 288 914 ἐκ
307 860 352 912 τοῦ
372 854 557 932 βουλευτηρίου
579 853 624 910 καί
642 851 728 931 φέρων
744 851 793 916 ἔξω
814 851 883 910 κατά

103 952 155 1005 τῶν
173 944 308 1021 κρηπίδων
323 942 436 1022 ἐξέχεεν.
478 939 517 1002 Ἥ
531 963 559 999 τι
574 943 605 1000 ἐκ
618 944 665 1010 τῆς
681 942 766 1021 ἀρχῆς
783 940 884 1000 ἔκπεσε·

105 1060 145 1101 σις
166 1038 245 1094 αὐτοῦ
267 1032 366 1109 γίνεται
388 1030 503 1110 πέμπτῳ
525 1027 571 1089 καί
589 1030 700 1108 εἰκοστῷ
721 1029 788 1102 μετδι
800 1036 883 1089 ταῦτα

106 1123 172 1193 ἔτει,
192 1120 237 1179 καὶ
254 1117 339 1199 τούτῳ
359 1120 396 1197 τῷ
415 1116 468 1176 ἐτει
493 1117 698 1197 στρατευόμενος
718 1121 743 1175 ἐν
762 1120 800 1197 τῷ
820 1117 885 1197 πρὸς

106 1208 245 1289 Ἀρδεάτας
264 1207 398 1283 εἰσάγεται
420 1206 530 1286 πολέμῳ
544 1207 589 1264 καῖ
606 1206 694 1264 πάντα
716 1205 749 1264 nir
763 1205 828 1285 ίργα
848 1208 883 1266 δι’

53 1324 79 1362 ro
107 1301 199 1357 ἑαυτοῦ
214 1297 309 1357 τῖλῶν.
352 1296 411 1354 (λύει
432 1294 488 1375 ἔχει
507 1295 535 1354 δέ
550 1293 625 1371 λόγον
644 1295 670 1352 ἐν
686 1292 810 1370 πολέμοις
830 1292 884 1363 ἐξε-

106 1384 229 1453 τάζεσθαι
244 1387 322 1459 σῶμα
342 1381 433 1462 ἀνδρὸς
447 1381 475 1450 ἓξ
495 1382 541 1441 καί
556 1379 711 1452 ἐνενήκοντα
728 1381 885 1461 βεόιωκότος

105 1474 163 1546 ἔτη.
206 1471 346 1534 Ἐκπεσάιν
361 1493 389 1529 τε
401 1474 448 1542 τῆς
465 1473 549 1551 ἀρχῆς
566 1468 604 1527 ἐτι
618 1470 730 1543 πολεμεῖ
743 1468 885 1545 Ῥωμαίοις

106 1565 153 1620 ούκ
168 1559 269 1620 ἐλάττω
290 1559 422 1639 τεττάρων
441 1559 487 1617 καλ
507 1556 571 1616 δέκα
588 1559 669 1631 ἐτῶν,
688 1557 765 1623 αὐτός
786 1561 813 1616 ἐν
832 1558 886 1621 τοῖς

107 1650 261 1728 πράγμασιν
278 1649 477 1725 ἐξεταζόμενος,
496 1643 530 1712 ῶς
545 1668 639 1727 φασιν·
655 1645 670 1704 δ
685 1644 758 1725 παρδι
772 1645 818 1713 τίς
832 1667 887 1704 κοι-

56 1766 79 1803 rs
108 1739 154 1806 νδις
168 1738 294 1797 ἀπάντων
309 1736 365 1796 ἐστί
382 1735 473 1808 δόξας,
486 1735 532 1795 καί
546 1740 561 1795 ό
575 1741 620 1794 τοῦ
634 1735 692 1815 βίου
708 1732 800 1814 χρόνος
814 1735 886 1813 αὐτῷ

109 1827 208 1886 πλείων
235 1823 408 1904 ἀναφαίνεται
434 1828 486 1884 τῶν
510 1822 601 1883 ἑκατόν
624 1824 669 1883 καί
689 1821 753 1882 δέκα
775 1821 887 1901 γεγονὼς

111 1917 188 1972 ἐτῶν·
216 1919 292 1972 τοῦτο
317 1911 343 1972 δέ
364 1912 397 1974 ,τδ
418 1917 502 1989 μῆκος
521 1915 572 1970 τῶν
592 1910 656 1990 βίων
676 1914 705 1972 οὗ
719 1910 841 1993 ρίρουσιν
862 1911 887 1970 οἱ

111 2001 171 2061 καθ’
182 2007 250 2078 ἡμᾶς
259 2002 344 2062 τόποι.
384 2003 478 2060 Ταῦτα
489 1999 521 2072 δὴ
530 2000 565 2060 τδι
580 2002 666 2061 ἄτοπα
680 2002 825 2067 συνιδόντες
833 2001 886 2060 τῶν

109 2089 269 2165 Ῥωμαϊκῶν
296 2087 479 2167 συγγραφέων,
504 2088 572 2155 τινές
601 2089 700 2166 ἑτέραις
726 2089 793 2149 abab
814 2089 887 2148 λύειν

51 2205 82 2245 ⁴20
109 2174 776 2258 ἐπειράθησανἀτοπίαις,οὗΤανακυλίδαποιοῖντες
783 2175 886 2254 μητέρα

108 2270 160 2325 τῶν
176 2264 302 2337 παιδίων,
325 2266 395 2324 ἀλλὰ
412 2263 541 2342 Γεγανίαν
560 2263 637 2336 τινδι,
653 2257 752 2343 περῖῆς
764 2264 887 2340 οὐδεμίαν

109 2355 308 2435 παρειλήφαμεν
321 2352 457 2429 ἱστορίαν·
472 2351 556 2432 άωρος
565 2353 598 2424 δὴ
609 2353 709 2429 γίνεται
723 2351 825 2410 πάλινδ
837 2351 889 2429 γά-

110 2466 157 2517 μος
170 2447 215 2502 τοῦ
230 2439 391 2519 Ταρκυνίου,
405 2439 498 2518 μικρὸν
511 2439 698 2506 ἀπολείποντος
711 2440 777 2498 ἐτῶν
792 2439 888 2516 ὀγδοή-

110 2551 204 2601 κοντα,
218 2528 265 2586 καί
280 2533 297 2598 ἡ
314 2532 366 2585 τῶν
386 2529 483 2585 τέκνοιν
496 2527 597 2605 γένεσις
612 2537 665 2594 τοῖς
681 2525 779 2598 ταύτην
798 2526 889 2607 ἔχουσι

51 2648 81 2685 ‹25
109 2616 157 2687 τὴν
184 2615 290 2686 ἡλικίαν
308 2613 429 2681 ἄπιστος·
445 2613 504 2672 οὐδὲ
521 2613 572 2694 γὰρ
597 2613 677 2681 άπαις
700 2605 746 2686 ἦν,
769 2613 838 2673 ὥστε
859 2617 889 2674 ἐκ

111 2703 208 2769 παντὸς
237 2704 399 2779 ἐπιθυμῆσαι
422 2701 535 2779 τέκνων,
564 2705 633 2763 ἀλλὰ
662 2702 801 2782 θυγατέρες
820 2694 888 2776 ἦσαν

110 2796 182 2873 αὐτῷ
196 2789 243 2851 δύο
256 2792 302 2851 καί
316 2791 396 2849 αὐταί
405 2814 435 2869 γι
447 2791 499 2864 ἤδη
513 2791 708 2871 γεγαμημέναι.
732 2794 841 2854 Τούτων
855 2791 888 2866 δὴ

108 2887 161 2941 τῶν
175 2881 312 2939 ἀδυνάτων
322 2903 352 2938 τε
366 2879 410 2938 καί
425 2881 530 2941 ἀτόπων
546 2881 645 2941 ἐκαστα
665 2883 887 2962 ἐπιλογιζόμενος,

112 2974 162 3051 οὐχ
178 2969 250 3037 υἱοὺς
269 2959 337 3028 ε’ίναι
356 2968 505 3048 Ταρκυνίου
519 2971 614 3052 γράρω
626 2970 685 3037 τοὺς
701 2973 813 3045 παῖδας,
830 2971 889 3032 ἀλλ’

55 3085 80 3123 ω
109 3059 232 3136 υἱωνούς,
246 3059 351 3138 Λευκίῳ
367 3058 482 3117 Πείσωνι
491 3061 529 3140 τῷ
544 3063 634 3140 Φρῦγι
650 3061 887 3140 συγκαταθέμενος·

109 3149 203 3215 ἐκεῖνος
228 3146 279 3225 γάρ
302 3148 328 3204 ἐν
354 3153 411 3213 ταῖς
435 3146 572 3214 ἐνιαυσίοις
596 3148 790 3227 πραγματείαις
812 3153 889 3207 τοῦτο

107 3236 230 3317 ἱστόρηκε
250 3233 341 3311 μόνος·
358 3237 379 3293 εί
400 3236 437 3311 μή
451 3259 480 3314 γε
493 3235 544 3317 ἀρα
561 3237 630 3316 γόνῳ
653 3235 701 3312 μὲν
717 3228 785 3308 ἦσαν
800 3236 889 3295 υἱωνοί

110 3329 153 3383 τοῦ
171 3322 299 3404 βασιλέως
314 3326 338 3382 οἱ
348 3325 456 3397 παῖδας,
471 3330 575 3398 ποιήσει
591 3325 619 3383 δὲ
634 3325 699 3396 υἱοί,
710 3326 755 3384 καῖ
766 3331 843 3385 τούτο
856 3318 889 3397 ἦν

112 3414 194 3473 αίτιον
204 3416 252 3484 τῆς
265 3412 369 3483 ἀπάτης
382 3416 436 3480 τοῖς
450 3413 539 3482 ἀλλοις
555 3413 642 3472 ἅπασι
655 3418 708 3481 τοῖς
721 3415 890 3496 συγγράψασι

56 3531 82 3569 as
108 3504 154 3569 τὰς
169 3500 324 3577 Ῥωμαϊκὰς
337 3502 465 3583 ἱστορίας.
510 3501 714 3584 Προειρημένων
732 3505 763 3575 δὴ
778 3504 889 3578 τούτων,

111 3591 201 3669 καιρὸς
216 3591 355 3669 ἐπανάγειν
369 3593 414 3650 εἰτῖ
426 3592 475 3663 τὴν
490 3593 702 3668 ἀπολειπομένην
715 3592 847 3669 διήγησιν.

152 3678 233 3738 ἱῚΙΙ.
256 3676 366 3750 Ἐπειδὴ
388 3679 416 3738 δέ
435 3681 600 3759 παραλαόῶν
622 3680 670 3750 τὴν
684 3681 829 3759 ἐπιτροπὴν
844 3685 890 3753 τῆς

113 3762 250 3844 βασιλείας
265 3767 279 3823 ό
295 3766 417 3842 Τύλλιος,
439 3768 483 3828 καί
502 3769 550 3840 τὴν
562 3768 679 3848 ἑταιρίαν
693 3773 744 3827 τῶν
761 3771 888 3847 Μαρκίων

111 3853 247 3931 ἐξελάσας,
262 3855 375 3935 βεόαίως
383 3858 435 3931 ἤδη
449 3861 495 3929 τῆς
507 3860 591 3939 ἀρχῆς
603 3859 704 3936 ἐνόμιζε
716 3863 832 3939 κρατεῖν,
845 3860 889 3920 τόν

54 3971 82 4009 up
110 3966 140 4001 τε
165 3943 276 4020 βασιλέα
290 3944 453 4025 Ταρκύνιον,
474 3949 509 4014 ὡς
528 3950 559 4006 ἐκ
572 3950 623 4006 τῶν
641 3951 800 4027 τραυμάτων
812 3971 890 4008 τετε-

108 4030 255 4104 λευτηκότα
274 4032 399 4114 ἔναγχος,
415 4037 543 4116 ἐκκομιδῇ
556 4061 586 4096 τε
602 4039 741 4097 πολυτελεῖ
754 4039 799 4098 καί
816 4040 886 4112 μνή-

108 4145 192 4197 ματος
212 4123 344 4196 ἐπισήμου
369 4130 521 4205 κατασκευῇ
544 4128 590 4187 καί
612 4130 670 4194 ταῖς
686 4127 780 4197 άλλαις
800 4139 890 4206 τιμαῖς

110 4210 233 4284 ἐκόσμει,
249 4210 294 4269 καὶ
314 4211 359 4269 τὸν
380 4212 407 4282 ἐξ
422 4216 520 4273 ἐκείνου
538 4215 632 4297 χρόνον
647 4221 682 4282 ῶς
697 4217 838 4296 ἐπίτροπος
852 4216 886 4277 ῶν

108 4300 160 4357 τῶν
178 4299 209 4356 ἐκ
220 4303 266 4358 τοῦ
281 4301 415 4377 βασιλείου
429 4303 519 4381 γένους
532 4303 634 4362 παίδων
648 4305 692 4363 τόν
707 4304 730 4362 τ’
748 4304 812 4364 ίδιον
833 4308 888 4364 αύ-

55 4407 81 4444 ra
109 4390 162 4446 τῶν
179 4386 235 4464 βίον
249 4389 295 4446 καῖ
307 4388 341 4447 sir
356 4390 431 4450 κοινῖι
443 4393 590 4471 πράγματα
609 4395 654 4463 τῆς
674 4393 774 4460 πόλεως
788 4392 831 4455 δεδι
843 4418 890 4477 po·

109 4478 196 4545 λακῆς
207 4499 237 4535 τε
251 4477 296 4536 καῖ
309 4480 443 4559 ρροντίδος
457 4485 580 4540 ἐποιεῖτο.
624 4483 687 4547 Τοῖς
701 4480 728 4539 δέ
743 4483 890 4562 πατρικίοις

109 4567 159 4624 οὐκ
167 4556 200 4637 ἦν
212 4563 246 4622 τά
257 4566 398 4644 γιγνόμενα
410 4571 469 4626 καθ’
477 4568 587 4644 ἡδονδις,
601 4569 659 4628 ἀλλ’
670 4571 835 4647 ἠγανάκτουν
844 4574 890 4631 καὶ

107 4654 235 4733 χαλεπῶς
247 4652 347 4734 ἔφερον,
361 4656 410 4714 οὐκ
421 4654 550 4724 ἀξιοῦντες
569 4656 648 4715 αύτδν
664 4661 751 4738 ἐαυτῷ
764 4683 823 4718 τινα
837 4684 890 4735 μη·

108 4741 278 4823 χανήσασθαι
291 4742 431 4821 βασιλικὴν
445 4743 574 4818 ἐξουσίαν,
586 4745 653 4825 μήτε
668 4750 764 4826 βουλῆς
773 4751 890 4831 ψηιρισα·

53 4856 83 4891 ειι
109 4831 192 4909 μένης
207 4831 274 4906 μήτε
287 4835 340 4890 τῶν
356 4831 443 4891 ἀλλων
460 4839 513 4893 τῶν
528 4834 597 4893 κατά
611 4834 690 4912 νόμον
711 4838 861 4897 ἐπιτελεσθί
875 4870 891 4882 ·

108 4941 179 4994 των,
196 4920 325 4987 συνιόντες
338 4943 367 4980 τε
382 4922 511 4991 πολλάκις
525 4925 549 4982 οἱ
563 4923 686 4982 πλεῖστον
697 4924 723 4993 ἐξ
739 4929 823 4984 αὐτῶν
838 4927 887 4985 δυ-

109 5005 218 5082 νάμενοι
226 5006 371 5085 διελέγοντο
381 5007 446 5088 πρὸς
457 5010 587 5083 ἀλλήλους
597 5019 657 5092 περί
666 5017 714 5084 τῆς
723 5015 889 5081 καταλύσεως

109 5098 158 5167 τῆς
182 5095 338 5177 παρανόμου
361 5100 460 5177 ἀρχῆς·
488 5098 534 5156 καί
558 5099 642 5158 ἐδόκει
657 5101 758 5176 αὐτοῖς,
786 5098 891 5160 ἐπειδάν

110 5185 215 5263 πρῶτον
228 5186 264 5251 είς
278 5184 308 5244 τό
318 5185 451 5264 συνίδριον
462 5186 513 5245 ὑπὸ
525 5190 572 5246 τοῦ
583 5186 698 5248 Τυλλίου
713 5192 889 5268 συναχθῶσιν,

1656 370 1714 431 lar

937 508 1031 569 συρίσαι
1043 518 1120 554 annos
1134 508 1207 554 natus
1221 503 1317 557 luisset,
1326 503 1382 567 plus
1393 516 1467 566 quam
1486 517 1534 553 ιιι
1554 518 1630 557 annos
1642 513 1716 560 natus

937 601 1024 651 luisset
1038 614 1095 650 eum
1106 599 1214 649 Tullium
1226 599 1356 650 interierit.
1391 602 1421 648 nt
1435 612 1495 647 voro
1507 598 1576 649 illum
1594 602 1716 655 llorentis·

936 697 999 746 sima
1013 698 1086 747 miste
1096 699 1154 745 tunc
1166 696 1241 745 tuisse
1255 694 1388 759 scriptores
1401 694 1512 754 tradunt,
1528 699 1554 745 et
1564 696 1672 749 Tullium
1684 701 1717 751 ab

936 805 966 841 co
985 794 1110 854 arreptum
1129 794 1154 840 et
1168 803 1199 840 ex
1212 791 1281 839 curia
1293 789 1385 840 elatum
1405 790 1548 854 perpradus
1566 792 1717 857 precipitem

936 886 1021 938 datam
1034 898 1096 937 esse.
1130 887 1208 935 Porro
1214 884 1332 948 vigesimo
1341 884 1428 949 quinto
1438 890 1492 948 post
1502 898 1567 935 anno
1575 899 1631 935 eum
1644 900 1718 951 regno

937 981 1067 1045 expulsum
1076 979 1187 1039 tradunt,
1201 994 1250 1044 quo
1262 981 1312 1044 ipse
1322 993 1452 1030 annocum
1463 979 1645 1045 expeditionem
1655 996 1717 1033 con·

938 1076 977 1121 lra
994 1072 1111 1122 linientes
1134 1072 1213 1120 l'accre
1226 1075 1253 1120 ct
1271 1070 1352 1120 omnia
1373 1071 1429 1121 belli
1449 1072 1533 1122 munia
1552 1072 1632 1136 ipsum
1649 1072 1718 1125 obire

938 1173 1045 1220 narrant.
1058 1168 1198 1218 absurdum
1208 1172 1291 1218 nutem
1304 1172 1343 1219 est
1354 1168 1377 1217 in
1387 1169 1553 1221 dimicantium
1565 1183 1667 1222 numero
1676 1184 1718 1235 po·

938 1278 998 1315 nere
1020 1263 1162 1323 homiuem,
1188 1262 1229 1325 qui
1252 1262 1436 1325 nonagesimum
1461 1268 1486 1313 el
1508 1269 1606 1315 sentum
1636 1266 1718 1316 celebs

938 1373 1029 1412 annum
1045 1356 1142 1420 agebat.
1175 1357 1206 1405 Et
1226 1369 1300 1420 regno
1317 1356 1405 1420 pulsus
1420 1355 1512 1406 bellum
1527 1371 1584 1407 cum
1603 1358 1719 1409 Romanis

938 1452 1015 1518 gessit
1029 1464 1073 1515 per
1086 1462 1164 1500 annos
1180 1463 1228 1499 non
1243 1450 1324 1500 minus
1339 1463 1414 1514 quam
1431 1450 1628 1514 quatuordecim,
1642 1452 1720 1503 itaut

939 1548 1042 1612 ipsemet
1050 1545 1124 1596 rebus
1134 1544 1247 1608 gerendis
1259 1545 1390 1595 interesset
1400 1551 1408 1603 t
1413 1549 1441 1595 ut
1451 1546 1519 1596 aiunt
1527 1549 1543 1607 l,
1553 1547 1618 1610 quod
1628 1552 1720 1612 practer

938 1654 1095 1693 communem
1110 1641 1221 1691 omnium
1238 1639 1376 1704 opinionem
1392 1645 1431 1691 est
1445 1663 1450 1690 :
1466 1641 1500 1690 ila
1514 1643 1579 1692 enim
1595 1642 1663 1693 illum
1679 1644 1718 1693 ri-

940 1742 990 1788 lam
1000 1736 1065 1786 ultra
1079 1734 1239 1784 centesimum
1252 1733 1407 1784 etdccimum
1418 1748 1509 1785 annum
1523 1737 1668 1800 produxisse
1679 1752 1721 1803 ap
1795 1774 1798 1779 .

939 1832 1018 1896 paret.
1052 1827 1100 1879 Sed
1119 1830 1170 1877 tam
1186 1825 1282 1890 longam
1299 1826 1375 1878 ritum
1391 1829 1503 1892 regiones
1519 1833 1609 1880 noslrm
1624 1845 1671 1881 nou
1685 1831 1721 1883 te·

940 1926 1006 1975 runt.
1040 1924 1092 1973 ilas
1114 1922 1185 1981 initur
1210 1921 1368 1973 difficultates
1393 1937 1470 1988 quum
1496 1924 1595 1987 quidam
1618 1928 1720 1978 llornani

942 2020 1076 2084 scriptores
1093 2017 1325 2079 animadverterent,
1337 2031 1379 2068 eas
1392 2018 1447 2069 aliis
1459 2019 1652 2071 absurditatibus
1668 2022 1721 2072 sol-

941 2128 1000 2166 vere
1019 2114 1098 2163 conati
1117 2116 1189 2173 sunl,
1207 2112 1318 2163 dieentes
1334 2116 1439 2163 matrem
1463 2114 1560 2165 illorum
1587 2129 1721 2180 puerorum

942 2207 1017 2258 tuisse
1028 2219 1077 2255 non
1090 2204 1258 2268 Tanaquilem
1273 2204 1318 2254 sed
1331 2206 1460 2267 caganum
1480 2206 1613 2270 quandam,
1628 2207 1660 2258 dc
1671 2223 1722 2272 qua

942 2302 1002 2353 nibil
1020 2303 1051 2375 in
1065 2300 1175 2351 historiis
1193 2300 1342 2364 accepimus.
1381 2303 1413 2351 Αἱ
1430 2301 1476 2350 bac
1496 2302 1591 2353 ratione
1613 2301 1723 2354 edicitur

942 2396 1127 2462 intempestivas
1150 2396 1225 2446 luisse
1247 2395 1345 2460 nuptias
1368 2395 1502 2461 Tarquinii,
1517 2400 1560 2461 qui
1580 2398 1631 2449 iam
1651 2411 1722 2451 acce·

942 2493 1012 2544 deret
1039 2490 1071 2542 ad
1096 2491 1272 2555 octogesimum
1296 2505 1405 2555 annum,
1438 2505 1517 2556 neque
1539 2493 1656 2544 credibile
1684 2498 1723 2544 est

942 2589 1082 2653 quempiam
1095 2588 1119 2637 iu
1135 2600 1165 2636 ea
1182 2585 1358 2636 sataleliberos
1375 2600 1504 2650 procreare
1524 2601 1604 2652 posse.
1638 2591 1723 2651 licque

942 2684 1008 2749 euim
1026 2681 1077 2731 sine
1091 2680 1175 2731 liberis
1188 2684 1249 2740 erat,
1263 2681 1298 2730 ila
1310 2685 1337 2731 ul
1355 2684 1423 2730 taum
1435 2681 1526 2731 sobolis
1545 2682 1668 2732 desiderio
1683 2686 1722 2732 le·

942 2779 1052 2834 necetur,
1076 2775 1120 2825 sed
1142 2774 1207 2825 duas
1227 2774 1334 2825 babebat
1357 2774 1421 2824 filias
1439 2788 1530 2838 easque
1550 2776 1599 2825 iam
1621 2779 1720 2840 nuptas.

944 2871 1107 2923 considerans
1126 2871 1201 2935 igitur
1218 2870 1273 2920 baec
1286 2871 1381 2930 omnia,
1398 2884 1455 2934 qum
1471 2869 1524 2919 beri
1547 2884 1595 2919 non
1610 2871 1722 2935 potuisse

943 2971 1041 3018 constat
1060 2971 1136 3032 atquc
1149 2966 1256 3017 absurda
1276 2969 1448 3030 sumpseras
1467 2965 1520 3016 illos
1535 2979 1582 3014 non
1597 2966 1660 3017 tilios
1679 2967 1724 3018 scd

943 3066 1044 3126 nepotes
1060 3061 1186 3126 Tarquinii
1201 3061 1276 3111 tuisse
1287 3059 1377 3120 scribo,
1389 3063 1487 3110 seculus
1502 3063 1527 3109 L.
1543 3060 1639 3110 Pisonis
1650 3061 1725 3126 Frugi

944 3158 1095 3208 senteutiam.
1130 3159 1155 3208 ls
1176 3155 1242 3206 enirn
1265 3156 1332 3205 solus
1354 3155 1378 3204 in
1400 3154 1527 3204 annalibus
1543 3169 1607 3217 quos
1627 3156 1725 3221 scripsit

943 3251 990 3302 boc
1008 3252 1121 3314 prodidit.
1155 3251 1208 3301 Nisi
1229 3226 1290 3301 torte
1307 3253 1396 3299 natura
1413 3249 1511 3314 quidem
1525 3253 1627 3313 nepotes
1647 3250 1724 3315 adop·

943 3345 1009 3397 lione
1021 3345 1064 3395 biii
1076 3344 1140 3408 regis
1154 3343 1212 3393 tacti
1229 3344 1334 3402 tuerint,
1351 3345 1426 3406 atque
1442 3341 1496 3392 baec
1512 3356 1599 3392 caussa
1615 3343 1654 3403 sil,
1668 3357 1725 3407 quaa

944 3440 1053 3503 reliquos
1069 3452 1155 3489 omnes
1169 3451 1252 3487 rerum
1265 3440 1430 3487 Romanarum
1448 3437 1579 3500 scriptores
1590 3435 1724 3501 deceperit.

944 3529 993 3580 Sed
1010 3529 1049 3580 bis
1066 3528 1187 3593 prandistis
1205 3533 1301 3593 ternpus
1316 3531 1355 3578 est
1371 3528 1419 3578 iarn
1434 3529 1465 3580 ad
1483 3530 1646 3581 intermissam
1668 3542 1726 3580 nar·

946 3624 1065 3674 rationem
1080 3622 1170 3672 redire.

976 3725 1043 3774 l'lll.
1061 3721 1157 3773 Tullius
1171 3720 1253 3783 igilur,
1270 3723 1400 3785 postquam
1415 3722 1482 3786 regni
1499 3723 1725 3786 procurationem·

944 3824 1016 3887 stapla
1037 3824 1062 3872 el
1081 3817 1230 3870 Marciorum
1252 3818 1355 3870 tactioue
1376 3818 1456 3884 pulsa,
1470 3834 1573 3884 regnum
1594 3836 1608 3871 a
1628 3835 1655 3873 se
1675 3822 1725 3874 iam

945 3921 1006 3974 salis
1020 3920 1145 3971 tinnulum
1159 3918 1318 3980 existimarit,
1337 3933 1419 3983 regem
1436 3919 1605 3983 Tarquinium,
1618 3922 1688 3985 quasi
1697 3936 1727 3973 ex

943 4019 1090 4072 uulneribus
1097 4031 1183 4069 recens
1195 4017 1306 4077 obiisset,
1317 4018 1444 4083 magaritam
1454 4019 1539 4069 iuuere
1546 4019 1643 4082 extulit,
1654 4021 1728 4084 eique

945 4122 1037 4185 insigne
1050 4120 1236 4171 monumentum
1249 4117 1369 4178 condidit,
1382 4119 1406 4167 et
1418 4130 1477 4167 eum
1492 4118 1581 4169 celeris
1592 4117 1727 4171 honoribus

945 4220 1084 4276 decoravit:
1105 4224 1130 4270 et
1145 4217 1229 4268 abillo
1249 4221 1367 4281 tempore,
1388 4220 1416 4267 ut
1438 4221 1508 4268 tutor
1521 4218 1644 4283 regiorum
1664 4218 1727 4269 tilio·

945 4333 1009 4378 rum.
1026 4322 1050 4370 et
1064 4318 1187 4384 privatum
1207 4330 1292 4366 eornm
1312 4316 1487 4380 patrimonium
1508 4321 1534 4367 et
1551 4316 1727 4382 rempublicam

944 4433 1041 4472 summa
1053 4430 1150 4468 corsae
1160 4415 1285 4479 diligentia
1298 4414 1439 4466 custodivit.
1474 4418 1586 4468 Patriciis
1600 4430 1658 4466 roro
1672 4414 1727 4466 baec

945 4532 992 4569 noo
1000 4517 1137 4582 placebant,
1151 4514 1194 4566 scd
1204 4511 1391 4577 indignabantur
1402 4515 1427 4562 et
1436 4526 1500 4576 aegre
1511 4513 1629 4575 terebant,
1639 4513 1729 4578 quippe

943 4615 985 4679 qui
999 4613 1091 4665 nollent
1107 4625 1165 4663 eum
1185 4611 1276 4674 regiam
1291 4608 1398 4673 aliquam
1415 4612 1560 4673 potestatem
1579 4608 1624 4657 sibi
1640 4621 1726 4672 parare

944 4715 996 4765 sine
1016 4710 1258 4770 senatusconsulto,
1282 4722 1360 4772 neque
1384 4707 1484 4770 reliquis
1507 4706 1595 4756 ritibus
1618 4719 1650 4755 es
1673 4704 1726 4767 lege

944 4811 1058 4862 servulis.
1091 4812 1121 4859 El
1132 4807 1175 4871 qui
1187 4807 1319 4871 plurimum
1333 4805 1395 4855 inter
1407 4818 1450 4854 eos
1470 4807 1583 4868 polemnt
1595 4814 1660 4865 σῶμα
1675 4801 1726 4850 smi-

944 4905 1012 4965 bant,
1032 4909 1058 4957 et
1071 4904 1135 4956 inter
1153 4917 1180 4955 se
1193 4903 1295 4968 agebant
1308 4903 1339 4952 de
1358 4901 1498 4965 abmgando
1521 4899 1622 4962 irnperio
1643 4901 1731 4950 contra

945 5004 1010 5068 leges
1022 5006 1151 5069 occupato.
1185 5005 1272 5067 ltaque
1286 5002 1369 5051 risum
1381 5003 1427 5062 est,
1441 4999 1484 5049 ubi
1502 4997 1609 5063 primurn
1625 4997 1730 5049 a'fullio

945 5101 970 5150 in
986 5103 1098 5151 senatum
1118 5101 1246 5151 convocati
1272 5100 1390 5158 tuissent,
1414 5109 1500 5158 eogere
1523 5110 1580 5147 eum
1604 5096 1684 5148 tuscas
1704 5100 1731 5146 ct

945 5196 1040 5260 reliqua
1059 5198 1127 5262 regui
1151 5197 1254 5264 insignia
1274 5197 1410 5262 deponere,
1429 5198 1503 5261 atque
1520 5195 1567 5249 lise
1585 5209 1613 5248 re
1630 5196 1731 5261 peracta
