3772 5828
586 371 879 445 AN'IIOUITATUM
902 368 1049 431 ROMAN.
1073 371 1145 430 LIB.
1171 370 1247 431 VIII.

112 505 352 574 στασιωδεστάτους
367 510 419 566 τῶν
435 507 585 583 δημοτικῶν
599 505 751 565 παύσασθαι
776 508 828 562 τῶν
848 503 885 570 είς

111 596 170 662 τοὺς
195 594 347 675 πατρικίους
361 597 481 674 ὑποψιῶν
495 617 523 653 τε
537 595 583 654 καί
603 598 776 675 κατηγοριῶν·
792 592 885 651 διδάσ-

112 707 198 751 κοντες
215 682 267 767 [ὡς
276 681 300 765 ],
316 686 339 742 εί
351 684 385 742 δι’
399 684 454 750 ἐνὸς
467 682 559 763 ἀνδρὸς
581 685 721 763 ἐπιφανοῦς
742 680 825 761 φυγὴν
839 704 885 739 το-

113 777 203 839 σοῦτος
217 772 333 838 κίνδυνος
346 771 460 851 κατέσχε
478 770 526 842 τῆν
541 770 636 842 πόλιν,
653 769 679 828 τί
698 772 750 850 χρῆ
774 769 886 848 προσδο·

70 877 83 916 ο
111 869 170 933 κᾶν,
184 860 228 918 ἐδιν
242 863 439 936 ἀναγκασθῶσιν
454 862 477 919 ol
489 859 583 918 πολλοί
594 861 647 916 τῶν
660 857 805 938 πατρικίων
819 881 886 936 προ-

111 946 315 1019 πηλακισθέντες
330 949 380 1006 ὑπὸ
394 953 438 1007 τοῦ
451 947 537 1023 δῆμου
555 947 586 1006 τδ
604 946 668 1005 αὐτὸ
684 950 821 1028 φρονῆσαι·
841 947 887 1004 καὶ

111 1036 240 1116 κατέσχον
256 1026 326 1095 οὑτοι
339 1034 386 1106 τῆν
401 1034 536 1114 ἀκοσμίαν
548 1040 596 1094 τοῦ
617 1034 743 1105 πλήθους.
772 1036 886 1094 Παυσα-

114 1126 191 1203 μένου
215 1124 241 1184 δέ
261 1130 305 1184 τοῦ
328 1126 427 1185 πολλοῦ
447 1121 572 1203 θορύόου,
592 1124 782 1194 συνελθοῦσαέ,
803 1118 885 1200 βουλὴ

112 1217 164 1280 τοῖς
176 1211 223 1290 μὲν
239 1211 292 1270 ἀπὸ
308 1217 354 1271 τοῦ
369 1217 457 1271 κοινοῦ
471 1215 524 1270 τῶν
541 1209 662 1270 Λατίνων
676 1214 791 1289 παροῦσι
807 1229 887 1287 πρεσ-

60 1331 86 1369 ςο
111 1299 217 1367 όευταῑς
237 1301 281 1358 ἐπί
303 1299 457 1380 συμμαχίας
475 1299 579 1372 αἴτησιν
600 1298 773 1377 ἀπεκρίνατο,
788 1295 826 1374 μὴ
841 1292 888 1376 ῥά·

112 1378 165 1448 δίον
188 1379 253 1446 εἷναί
272 1412 346 1469 σφισι
361 1390 481 1467 βοήθειαν
504 1385 677 1447 ἀποστέλλειν
696 1385 765 1445 κατδι
791 1385 821 1443 τό
834 1406 887 1441 πα·

114 1479 175 1558 ρδν,
191 1478 278 1543 αὐτοῖς
298 1477 320 1535 δ’
342 1476 447 1544 ἐκείνοις
465 1475 614 1555 ἐπιτρέπειν
629 1475 677 1547 τῆν
693 1475 794 1533 ἐαυτῶν
807 1494 887 1550 στρα·

110 1565 169 1624 τιδιν
187 1563 367 1646 καταγράφειν
383 1565 427 1623 καὶ
446 1563 580 1642 ἡγεμόνας
595 1567 642 1635 τῆς
657 1562 792 1638 δυνάμεως
807 1559 887 1627 ἰδίους

113 1653 265 1727 ἀποδεῖξαι,
302 1658 350 1735 ἐως
375 1653 405 1711 δν
428 1655 502 1713 αὐτοὶ
531 1650 687 1733 ἐκπέμψωσι
718 1650 838 1729 δύναμιν·
860 1651 887 1708 ἐν

62 1773 86 1810 ις
113 1741 164 1820 γάρ
190 1748 248 1805 ταῖς
280 1738 420 1812 συνθήκαις
451 1730 492 1808 αίς
517 1739 676 1812 ἐποιήσαντο
696 1737 762 1820 πρὸς
794 1736 888 1804 αὐτοῦς

113 1831 175 1909 περί
188 1825 275 1909 φιλίας
287 1828 434 1909 ἀπόρρητον
446 1821 478 1902 ῆν
490 1829 588 1890 τούτων
603 1828 738 1909 ἑκάτερον.
781 1827 847 1894 Τοῖς
859 1824 887 1884 δέ

115 1917 223 1983 ὑπάτοις
238 1918 336 1993 ἐφῆκαν
349 1916 461 1995 στρατόν
474 1942 503 1978 τε
518 1925 674 1999 συναγαγεῖν
689 1919 719 1976 ἐκ
739 1915 887 1994 καταλόγου

115 2007 161 2065 καί
175 2005 223 2076 τῆν
236 2005 311 2064 πολιν
331 2007 374 2064 διὰ
389 2009 507 2088 φυλακῆς
531 2007 601 2087 ἔχειν
627 2005 749 2075 καὶτοὺς
776 2003 887 2083 συμμά·

115 2116 178 2174 χους
190 2096 363 2170 παρακαλεῖν·
380 2098 415 2162 είς
427 2095 553 2176 ὕπαιθρον
569 2094 597 2154 δέ
610 2096 693 2174 μήπω
704 2094 751 2163 τάς
765 2093 888 2171 δυνάμεις

62 2217 89 2256 20
117 2183 230 2263 ἐξάγειν,
245 2180 293 2250 έως
303 2182 334 2242 ἂν
349 2185 436 2244 πάντα
453 2188 567 2298 εὐτρεπῆ
582 2187 700 2265 γένηται.
746 2187 800 2245 dat
813 2189 828 2243 ό
843 2183 888 2255 ii,-

116 2294 163 2347 μσς
178 2273 261 2328 ταῦτα
277 2271 451 2351 ἐπεκύρωσαν.
502 2276 542 2333 Ην
557 2275 584 2332 δέ
601 2273 701 2354 βραχὺς
712 2272 888 2349 ὑλειπόμινος

112 2365 161 2432 ,τῆς
174 2364 259 2442 ἀρχῆς
275 2361 329 2427 τοῖς
343 2359 452 2427 ὑπάτοις
470 2360 577 2442 χρόνος,
597 2361 660 2422 ὥστ’
675 2363 750 2422 οὐδὲν
771 2363 887 2442 ἔφθασαν

115 2455 166 2510 τῶν
183 2450 368 2534 ἐψηφισμένων
380 2448 424 2509 ἐπί
437 2449 511 2517 τέλος
521 2453 646 2529 ἀγαγεῖν,
660 2450 728 2508 ἀλλά
739 2451 888 2528 παρέδοσαν

116 2545 228 2618 ἡμιτελῆ
245 2543 349 2601 άπαντα
361 2546 414 2604 τοῖς
427 2541 484 2614 μεθ’
500 2537 606 2605 tenid<
616 2540 734 2606 ὑπάτοις.

60 2668 89 2706 25
157 2634 235 2694 XVI.
259 2633 294 2692 Οί
306 2627 332 2689 δέ
346 2627 420 2705 παρά
434 2627 532 2686 τούτων
545 2626 594 2700 τῆν
608 2626 693 2707 ἀρχὴν
717 2624 888 2707 παραλαόόν-

116 2745 157 2789 τες
172 2720 285 2801 Σπόριος
302 2715 416 2782 Ναύτιος
432 2715 478 2774 καί
499 2714 592 2784 Σέξτος
603 2717 716 2796 Φούριος
735 2713 859 2796 στρατιάν
867 2734 895 2772 τε

116 2812 180 2883 ὅσην
201 2811 319 2869 ἐδύναντο
341 2805 467 2878 πλείστην
489 2807 518 2865 ἐκ
536 2811 581 2864 τοῦ
604 2809 738 2866 πολιτικοῦ
757 2802 888 2877 κατεστή-

117 2923 196 2962 σαντο
216 2898 381 2975 καταλόγου,
402 2894 447 2953 καὶ
473 2894 637 2975 φρυκτωρίας
660 2895 706 2954 καί
730 2891 841 2959 σκοπούς
864 2893 889 2952 ἐν

117 2987 324 3068 ἐπικαιροτάτοις
335 2984 442 3065 χωρίοις
456 2982 564 3055 ἔταξαν,
579 2983 623 3043 ίνα
641 2984 722 3062 μηδέν
738 2979 887 3062 ἀγνοήσωσι

63 3113 91 3151 20
116 3080 168 3136 τῶν
191 3075 234 3133 ἐπὶ
258 3078 305 3146 τῆς
328 3073 417 3155 χώρας
437 3071 635 3151 πραττομένων·
653 3070 783 3152 χρήματά
799 3070 888 3130 τεκαὶ

118 3173 187 3224 σῖτον
202 3163 248 3223 καί
261 3163 331 3222 όπλα
346 3165 373 3222 ἐν
394 3159 474 3242 ὀλίγῳ
489 3159 577 3242 χρόνῳ
590 3163 676 3220 πολλὰ
697 3161 886 3234 ἡτοιμάσαντο.

117 3251 160 3314 Tb
178 3252 226 3329 μέν
252 3244 296 3312 οὐν
324 3252 408 3312 οἰκεῖα
433 3249 632 3331 παρεσκεύαστο
658 3249 745 3315 αὐτοῖς
769 3251 805 3315 ὡς
829 3249 888 3318 ἐνῆν

118 3343 230 3422 ἄριστα,
251 3339 297 3399 καί
312 3341 384 3399 οὐδὲν
400 3340 487 3406 αὐτοῖς
499 3337 538 3397 ἔτι
552 3340 605 3397 δεῖν
622 3337 714 3398 ἐδόκει·
729 3338 762 3398 τά
777 3338 804 3397 δέ
819 3359 889 3413 συμ-

119 3430 223 3510 μαχικδι
238 3432 287 3508 οὐχ
309 3428 415 3487 ἅπαντα
430 3427 544 3499 ὑπήκουε
558 3427 714 3507 προθύμως,
731 3425 838 3488 ἑκούσιά
861 3448 890 3486 τι

62 3559 92 3596 ³5
119 3520 167 3577 οῦκ
181 3511 213 3592 ἦν
224 3510 267 3576 σία
279 3516 440 3596 συνάρασθαι
453 3521 498 3574 τοῦ
510 3515 644 3592 πολέμου,
659 3516 723 3576 ὥστ’
737 3516 796 3577 οὐδέ
808 3539 890 3597 προσ-

121 3609 275 3684 αναγκάζειν
306 3604 374 3663 atel
407 3601 495 3674 ἠξίουν
530 3603 686 3686 φοόούμενοι
737 3605 889 3686 προδοσίαν.

120 3694 194 3766 Ἤδη
210 3694 237 3753 δέ
251 3693 366 3753 τινακαὶ
381 3694 609 3774 ἀφίστατσαιίτῶιι
620 3697 649 3754 ἐκ
663 3701 709 3755 τοῦ
724 3700 834 3774 φανεροῦ
848 3693 893 3753 καλ

119 3785 173 3850 τοῖς
198 3781 375 3847 Οὐολούσκοις
400 3781 593 3858 συνελάμόανε.
638 3785 745 3864 Πρῶτοι
770 3781 793 3842 δ’
812 3773 892 3862 ἦρξαν

120 3872 232 3934 Αἰκανοί
246 3875 292 3942 τῆς
313 3870 497 3942 ἀποστάσεως,
512 3870 569 3948 ἅμα
583 3875 622 3951 τῶ
642 3877 769 3943 συστῆναι
782 3870 827 3932 τὸν
838 3871 892 3932 πό-

64 3996 93 4036 40
120 3965 200 4040 λεμον
214 3959 286 4027 εὐθὺς
299 3958 416 4026 ἐλθόντες
436 3961 472 4026 ὡς
485 3957 543 4028 τοῦς
561 3961 743 4027 Οὐολούσκους
764 3961 809 4020 καί
822 3985 892 4042 συμ·

121 4050 222 4131 μαχίαν
237 4052 293 4128 μεθ’
308 4048 393 4128 όρκων
407 4047 567 4127 συνθέμενοι·
589 4050 714 4128 στρατιάν
728 4049 751 4108 τ’
768 4051 890 4112 ἀπέστει·

120 4142 169 4201 λαν
181 4128 252 4197 οὑτοι
262 4141 301 4219 τῷ
316 4137 432 4219 Μαρκίῳ
443 4137 569 4210 πλείστην
581 4161 609 4197 τε
624 4137 670 4197 καί
681 4141 891 4218 προθυμοτάτην.

121 4228 283 4310 Ἀρξαμένων
300 4226 326 4287 δέ
340 4226 439 4287 τούτων
454 4227 548 4287 πολλοί
561 4226 606 4286 καὶ
620 4229 671 4285 τῶν
686 4227 772 4285 ἀλλων
787 4227 895 4304 συμμά-

120 4343 175 4400 χων
187 4316 274 4399 κρύφα
290 4315 487 4391 συνελάμύανοιι
499 4324 552 4382 τοῖς
570 4315 763 4390 Οὐολούσκοις,
779 4320 826 4377 οῦκ
840 4320 893 4380 ἀπὸ

64 4436 94 4472 ιε
121 4408 296 4490 ψηφισμάτων
312 4405 365 4466 οὐδ’
381 4404 434 4466 aiud
447 4409 534 4466 κοινοῦ
550 4405 679 4483 δόγματος
691 4405 895 4476 ἀποστέλλοντες

122 4498 207 4564 αὐτοῖς
229 4496 276 4564 τὰς
302 4493 466 4575 συμμαχίας·
488 4493 564 4557 είδέ
583 4517 652 4553 τισιν
678 4485 711 4566 ῆν
732 4495 896 4574 βουλομένοις

124 4585 241 4663 μετέχειν
267 4590 314 4664 τῆς
336 4584 474 4665 στρατείας
500 4588 554 4644 τῶν
579 4583 729 4665 σφετέρων,
750 4585 799 4662 οὐχ
824 4582 895 4653 ὅπως

124 4673 329 4751 ἀποτρέποντες,
350 4672 420 4734 ἀλλά
445 4673 491 4733 aad
513 4675 712 4756 παρορμῶντες.
722 4668 856 4750 Ἐγεγόνει
866 4696 895 4733 τε

123 4762 153 4822 οὐ
165 4761 255 4839 πολλῷ
270 4761 357 4842 χρόνῳ
370 4762 485 4836 τοσαύτη
499 4761 609 4842 δύναμις
627 4762 687 4838 περί
706 4771 764 4827 τοὺς
781 4761 897 4821 Οὐολού-

122 4873 216 4921 σκους,
231 4847 295 4921 όσην
319 4853 347 4909 οὐ
362 4849 469 4911 πώποτε
489 4851 567 4932 ἶσχον
588 4849 631 4911 ὅτε
655 4849 763 4926 μάλιστ’
777 4849 896 4926 ἤκμαζον

123 4948 180 5007 ταῖς
202 4938 320 4996 arelacta·
364 4936 418 4999 ‘tta
434 4940 596 5018 ἐπαγόμενος
612 4936 895 5017 όίίίάρκιοςένίόαλεν

126 5017 196 5093 αὐθις
225 5027 262 5091 εἷς
288 5022 336 5093 τὴν
354 5023 497 5103 Ῥωμαίων
522 5031 589 5103 γῆν,
622 5027 668 5085 καὶ
697 5025 896 5104 ἐγκαθεζόμενος

125 5117 225 5193 ἡμέρας
246 5111 345 5192 συχνδις
358 5112 435 5194 ἐδῄου
457 5119 504 5187 τῆς
522 5120 586 5192 γῆς,
601 5113 665 5187 δσην
685 5117 711 5174 ἐν
724 5119 757 5194 τῇ
772 5114 897 5194 πρότερον

122 5203 233 5284 εἰσόολῆ
259 5203 415 5284 παρέλιπεν.
459 5203 597 5282 Σωμέτων
617 5203 664 5284 μέν
687 5194 731 5264 οῦν
754 5201 895 5283 ἐλευθέρων

66 4901 97 4942 ad

1658 377 1715 436 457

944 523 971 561 se
983 510 1093 570 consilio,
1108 510 1244 561 suadebant
1260 514 1285 559 ct
1300 510 1414 573 privatim
1427 514 1453 560 et
1466 510 1565 573 publice
1580 511 1717 565 seditIosis·

942 605 1012 657 almis
1025 605 1166 670 quibusque
1180 606 1210 656 de
1225 604 1310 669 plebe,
1333 608 1361 655 ut
1373 605 1513 656 desinerent
1528 605 1648 662 patrIcios
1658 621 1718 658 sus·
1803 637 1807 645 ι

942 702 1026 763 peetus
1043 699 1133 749 babere
1146 701 1171 749 et
1189 712 1306 748 accusare
1326 698 1481 759 :docentea,
1502 698 1524 748 ai
1537 699 1570 748 ob
1582 699 1654 749 unius
1672 700 1718 750 riri

941 793 1029 842 nobiIIa
1043 793 1159 843 exsilium
1171 793 1195 842 in
1207 795 1275 842 tanto
1289 791 1398 856 periculo
1412 791 1553 856 respublica
1567 797 1717 853 versaretur,

942 884 1002 949 quid
1024 885 1219 950 exspectandum
1235 887 1317 946 esset,
1339 885 1360 935 si
1377 886 1456 935 maior
1478 887 1642 950 patrimorum
1661 900 1719 950 pars

941 988 956 1024 a
969 975 1040 1040 plebe
1049 976 1202 1026 contumeliis
1214 974 1305 1026 allecta
1322 975 1386 1026 idem
1400 977 1493 1028 sentire
1509 984 1650 1044 cogeretur.
1677 983 1720 1029 dt·

942 1082 991 1132 que
1001 1069 1042 1119 istr
1055 1068 1133 1132 plebis
1143 1069 1278 1120 tumultum
1288 1070 1417 1117 etmotum
1433 1069 1557 1121 sedarunt.
1592 1074 1655 1121 Cum
1674 1084 1721 1121 au·

943 1168 994 1215 tem
1008 1163 1093 1225 ingens
1103 1161 1142 1211 ille
1158 1160 1280 1210 tumultus
1292 1158 1394 1209 sedatum
1409 1164 1489 1222 esset,
1507 1165 1607 1213 senatus
1618 1173 1721 1216 coactus

943 1257 1031 1322 legatIs
1042 1270 1056 1305 a
1069 1257 1212 1306 Latinorum
1223 1255 1347 1319 republica
1365 1255 1397 1305 ad
1412 1257 1504 1306 auxilia
1517 1258 1623 1322 petenda
1636 1257 1720 1309 mlasis

943 1347 1083 1412 respondit,
1106 1360 1134 1397 ae
1153 1360 1202 1396 non
1215 1346 1286 1396 facile
1307 1347 1355 1397 illis
1371 1361 1444 1412 opero
1464 1351 1486 1398 ln
1501 1351 1631 1414 prasentia
1656 1351 1720 1401 terre

943 1454 1031 1508 pesae,
1044 1439 1086 1489 scd
1101 1438 1263 1503 permittere,
1277 1442 1305 1489 ut
1328 1440 1360 1490 de
1375 1440 1427 1489 suis
1447 1441 1567 1491 militibus
1584 1443 1720 1493 exercitum

944 1533 1143 1595 conscriberent,
1173 1533 1246 1597 eique
1264 1534 1343 1586 duces
1362 1549 1421 1586 suos
1445 1537 1615 1600 praeficerent,
1640 1538 1721 1588 donee

943 1631 997 1695 ipae
1009 1627 1117 1694 populus
1131 1629 1257 1677 Rornanus
1272 1629 1356 1693 copias
1368 1633 1434 1679 essct
1445 1630 1577 1679 missurus.
1620 1631 1682 1679 dam
1696 1630 1721 1679 in

943 1725 1049 1783 loedere,
1065 1721 1201 1785 quodcum
1219 1721 1267 1771 illis
1285 1724 1410 1784 lecerunt,
1427 1728 1560 1788 utrumque
1580 1724 1719 1778 vetabatur.

945 1817 1095 1874 consuIIbua
1106 1830 1164 1866 vero
1179 1816 1315 1875 mandarit,
1328 1820 1357 1866 ut
1375 1816 1488 1868 delectus
1504 1818 1633 1879 baberent,
1646 1833 1721 1871 exer-

944 1919 1071 1980 citumque
1081 1912 1278 1972 conscriberent,
1290 1915 1315 1962 et
1328 1911 1415 1961 urbem
1434 1910 1557 1975 presidiis
1570 1914 1722 1968 custodirent

945 2016 973 2064 et
987 2012 1109 2062 sociorum
1125 2007 1216 2058 auxilia
1229 2010 1395 2065 accerserent3
1412 2007 1496 2069 copias
1509 2009 1593 2056 tamen
1610 2020 1641 2056 ex
1660 2008 1722 2059 urbe

945 2117 993 2154 nou
1006 2103 1151 2162 educerent,
1167 2103 1298 2164 antequam
1315 2112 1354 2148 res
1364 2112 1450 2148 omnes
1465 2102 1556 2163 paratae
1568 2104 1659 2149 essent.
1674 2105 1721 2150 dt-

944 2209 994 2261 que
1005 2193 1110 2260 populus
1122 2193 1176 2244 bac
1185 2197 1239 2243 rata
1253 2191 1319 2243 tecit.
1345 2191 1494 2241 Consulibus
1507 2197 1590 2242 autem
1604 2193 1721 2255 exiguum

945 2295 1021 2345 annui
1037 2292 1195 2356 magistratus
1217 2294 1313 2355 tempus
1331 2291 1472 2353 supererat,
1494 2291 1644 2354 quapropter
1661 2290 1721 2340 nibil

946 2398 1032 2434 eorum
1043 2396 1100 2448 quae
1107 2381 1207 2431 decreta
1221 2380 1316 2429 tuerent
1327 2377 1374 2442 Ipsi
1383 2377 1502 2428 conticere
1514 2383 1647 2442 potuerunt
1663 2380 1723 2429 :scd

946 2484 998 2523 rem
1008 2484 1105 2522 omnem
1122 2468 1291 2532 imperfectam
1302 2464 1486 2516 successoribus
1500 2465 1657 2529 reliduerunt.

977 2626 1041 2676 xvi.
1058 2621 1108 2681 Qui
1121 2633 1180 2670 vero
1190 2619 1237 2669 illis
1250 2619 1430 2679 successerunt,
1445 2618 1544 2667 luerunt
1554 2619 1595 2680 Sp.
1608 2619 1722 2675 Nautius,

946 2731 973 2779 et
983 2730 1043 2778 Sex.
1062 2722 1165 2776 Furius,
1187 2721 1231 2785 qui
1246 2718 1331 2784 copias
1341 2721 1449 2781 quantas
1460 2718 1580 2768 maximas
1592 2723 1724 2782 potuerunt

947 2844 978 2882 ex
991 2826 1081 2879 urbana
1092 2822 1247 2874 multitudine
1258 2820 1467 2885 conscripserunt,
1481 2823 1507 2869 et
1521 2819 1590 2883 ignes
1600 2824 1625 2870 et
1636 2833 1724 2882 specu·

948 2930 1038 2979 latores
1052 2927 1077 2976 iu
1087 2925 1147 2976 locis
1163 2919 1380 2987 opportunissimis
1388 2920 1551 2978 collocarunt,
1570 2923 1599 2969 ut
1609 2919 1670 2970 nibil
1680 2934 1722 2971 eo·

948 3042 1013 3089 rum,
1028 3039 1084 3090 ηοω
1098 3023 1185 3074 tierent
1196 3021 1221 3072 in
1237 3020 1315 3085 agris,
1333 3019 1490 3083 Ignorarcnt;
1509 3022 1534 3069 et
1548 3032 1661 3082 magnam
1674 3020 1725 3070 rim

948 3124 1122 3191 pecuniarum,
1146 3117 1278 3180 frumeuti,
1299 3130 1477 3180 armorumque
1501 3115 1570 3166 brevi
1592 3130 1724 3180 compara·

948 3227 1016 3275 runt.
1053 3219 1125 3271 Domi
1137 3218 1220 3283 igitur,
1233 3215 1409 3281 quamoptime
1420 3215 1476 3280 ¹deri
1488 3215 1629 3280 potuit-rea
1640 3230 1725 3266 omncs

948 3324 979 3374 ab
1002 3321 1051 3373 illis
1075 3319 1135 3370 suut
1152 3317 1260 3382 paratae,
1284 3313 1320 3363 ita
1339 3315 1369 3363 ut
1382 3312 1441 3362 nilril
1464 3313 1570 3376 amplius
1589 3313 1724 3368 desiderari

948 3433 1022 3485 posse
1035 3416 1170 3468 rideretur.
1202 3410 1251 3464 Sed
1270 3412 1330 3461 socii
1346 3424 1396 3461 nou
1418 3425 1504 3462 omues
1520 3413 1636 3462 alacriter
1651 3427 1724 3476 pare·

948 3520 1020 3576 baut,
1040 3526 1121 3578 neque
1139 3511 1206 3562 ultro
1217 3509 1348 3573 quisquam
1368 3509 1399 3559 ad
1413 3508 1489 3560 buius
1510 3509 1569 3561 belli
1581 3510 1722 3561 socletatem

948 3630 1003 3674 aeae
1022 3611 1162 3665 olterebat:
1187 3621 1264 3672 quare
1279 3621 1310 3658 ne
1320 3621 1406 3673 cogere
1421 3606 1522 3672 quidem
1535 3622 1577 3660 eoa
1596 3609 1723 3671 volebant,

948 3715 1014 3783 quod
1026 3709 1187 3779 proditionem
1198 3709 1344 3758 metuerent.
1376 3710 1409 3757 Et
1417 3707 1466 3758 iarn
1477 3721 1563 3758 eorum
1573 3709 1684 3760 nonnulll
1693 3710 1725 3761 ab

949 3815 1011 3883 ipaie
1023 3811 1107 3876 aperta
1119 3806 1260 3858 defecerant
1268 3808 1293 3856 et
1305 3806 1406 3856 l'olscos
1422 3805 1547 3856 iurabant.
1581 3809 1654 3871 AEqui
1668 3822 1725 3859 rere

950 3910 1022 3979 primi
1033 3908 1194 3967 deiecerunt,
1210 3903 1285 3954 ebnul
1297 3906 1374 3966 atque
1392 3901 1483 3954 bellum
1499 3906 1613 3954 exodum
1632 3907 1679 3965 est,
1693 3903 1725 3953 ad

948 4011 1053 4066 Volscos
1074 4002 1193 4070 proiecti,
1212 4004 1238 4052 et
1256 4001 1402 4066 interposito
1426 4000 1587 4052 iureiurando
1608 4003 1726 4054 socletate

948 4109 1015 4163 taeta
1026 4109 1109 4174 coplas
1119 4103 1241 4157 maximas
1250 4104 1277 4153 et
1285 4099 1373 4150 animis
1382 4099 1549 4163 paratissimas
1561 4099 1591 4149 ad
1604 4101 1725 4151 Marcium

949 4206 1076 4257 miserunt.
1091 4204 1186 4252 lterum
1202 4200 1285 4248 autem
1303 4193 1444 4258 exemptum
1465 4194 1543 4244 secuti
1557 4197 1582 4244 et
1599 4195 1670 4245 multi
1684 4195 1727 4245 alii

949 4302 1010 4354 socii
1025 4301 1089 4352 clam
1103 4297 1199 4349 Volscis
1213 4294 1342 4351 tacebant,
1356 4305 1407 4342 non
1422 4295 1504 4342 tamen
1515 4306 1544 4342 err
1558 4292 1667 4355 decreto,
1682 4297 1726 4342 aut

949 4404 981 4457 de
995 4401 1121 4455 communi
1139 4398 1279 4459 sententIa,
1299 4397 1347 4446 illis
1367 4395 1458 4446 auxilia
1477 4395 1624 4446 mittebant:
1648 4395 1727 4447 sedai

949 4507 1033 4572 quide
1044 4505 1097 4556 auls
1108 4517 1162 4553 earn
1178 4502 1289 4552 mititiam
1301 4498 1370 4562 sequi
1388 4498 1516 4559 volebant,
1531 4513 1579 4548 non
1591 4498 1670 4548 solum
1683 4512 1727 4551 eos

950 4621 999 4658 non
1007 4605 1166 4657 deterrebant
1176 4640 1182 4662 ‚
1194 4615 1282 4652 rerum
1297 4599 1373 4651 etiam
1384 4599 1585 4649 adhortabantur.
1605 4599 1726 4661 brevique

949 4705 1068 4771 temporis
1076 4704 1157 4768 spatio
1166 4704 1263 4752 tanturn
1274 4700 1362 4750 virium
1375 4698 1471 4749 Volscis
1478 4697 1590 4757 accessit,
1604 4699 1725 4760 quantum

950 4806 1159 4868 nunquamne,
1173 4815 1204 4852 ne
1224 4801 1298 4852 rebus
1317 4799 1416 4862 quidem
1428 4800 1453 4848 ln
1464 4811 1508 4849 sua
1527 4801 1598 4861 gente
1620 4793 1725 4844 unanime

951 4910 1108 4969 donantibus,
1125 4909 1269 4959 habuerant.
1311 4907 1372 4957 cum
1395 4903 1485 4967 quibus
1508 4900 1614 4951 blareius
1635 4898 1725 4951 ilerum

950 5011 977 5061 in
996 5024 1080 5075 apum
1099 5010 1264 5060 Romanorum
1286 5005 1447 5070 irruptionem
1472 5001 1542 5058 tecit,
1566 5001 1726 5063 moratusque

951 5111 984 5162 ibi
1005 5110 1160 5175 permultos
1183 5109 1236 5160 dies
1248 5122 1334 5170 agrum
1351 5102 1474 5162 vastarit,
1503 5113 1578 5163 quem
1600 5100 1726 5164 superiore

952 5215 1065 5280 ruptione
1084 5214 1204 5266 intactum
1222 5213 1363 5276 reliquerat.
1397 5207 1484 5258 Paucis
1500 5209 1581 5257 tamen
1599 5204 1727 5256 bominum
