3772 5828
593 356 885 427 AN'l'lQUlTATUM
908 355 1057 419 RObth.
1081 358 1154 419 LlB.
1182 359 1258 423 l'lll.

110 483 253 565 Ῥωμαίων
267 486 379 563 πόλιως,
391 486 470 546 siritii
482 489 528 558 τῆς
541 487 680 567 ἡγεμονίας
691 492 736 549 καὶ
751 501 798 566 τῆς
809 494 885 567 δόξης

112 577 178 658 αὐτῇ
188 580 357 658 φθονοῦντας,
373 576 409 642 εἷς
423 575 552 657 ριλότητα
567 575 699 654 συνήγαγε
710 585 757 653 τῆς
772 585 890 642 imm.

110 663 328 742 τείαςμεταδοὺς,
340 661 410 724 ώστι
418 662 515 741 μηκέτι
523 661 680 736 ἀντίπαλον,
693 668 761 728 dili
776 670 890 751 πατρίδα

110 743 267 830 τηνἹ)ώμην
277 751 401 828 νομίζειν.
414 752 455 812 Τὸ
464 750 550 831 τρίτον
559 749 585 811 δδ
597 754 782 822 καταστᾶςίπὶ
791 758 891 832 τὴναῦ·

71 871 85 909 5
110 839 158 911 τὴν
173 844 257 923 ἀρχὴν
271 840 453 907 Οὐολούσκους
461 841 486 895 τ’
498 835 634 918 ἠνάγκασε
644 839 734 921 ρίλους
748 845 892 906 ἀντὶτιολε·

112 929 315 1008 μίωνγενέσθαι,
327 929 373 989 καί
385 929 415 988 εδ
424 927 555 1010 Ἑρνίκων
568 926 640 995 ίθνος
655 929 723 1006 μέγα
734 956 763 991 τε
778 932 824 993 καί
843 934 890 993 άλ-

113 1040 190 1095 κιμον
202 1020 247 1078 καὶ
268 1017 379 1092 πλησίον
399 1020 471 1098 σρῶν
496 1016 636 1093 κείμενον,
653 1019 781 1096 βλάπτειν
795 1045 823 1080 τε
845 1021 890 1081 καὶ

112 1107 221 1188 ώρελεῖν
229 1104 381 1186 τδιμίγιστα
390 1102 567 1181 ἱκανώτατον,
577 1104 696 1165 ἑκούσιον
707 1109 888 1187 ὑπηγάγετο.»

113 1194 205 1254 Ταῦτά
215 1218 242 1255 τε
256 1197 288 1267 δὴ
302 1195 347 1255 καὶ
361 1193 395 1253 τά
406 1193 484 1270 ὅμοια
496 1191 595 1260 τούτοις
609 1192 744 1261 διεξελθών
757 1197 831 1268 ἠξίου
845 1197 889 1256 τὸν

62 1316 87 1353 10
113 1284 195 1359 δῆμον
217 1287 301 1364 ἑαυτῷ
314 1282 454 1363 προσέχιιν
475 1280 520 1340 τθν
535 1284 609 1359 νοῦν,
634 1284 669 1351 ώς
692 1284 765 1367 παρά
788 1286 890 1354 πάντας

112 1372 170 1438 τοὺς
189 1372 283 1440 ἄλλους
299 1373 423 1453 πρόνοιαν
439 1369 527 1452 ίχοντε
550 1373 597 1429 τοῦ
610 1377 710 1452 κοινοῦ,
726 1374 772 1432 καὶ
792 1377 828 1442 είς
843 1375 888 1435 τὸν

111 1460 201 1519 λοιπὸν
216 1460 297 1530 ίξοντι
308 1460 412 1542 χρόνον.
423 1461 560 1520 Τελευτῶν
574 1457 602 1518 δέ
617 1463 754 1540 τοῦλόγου
773 1469 888 1524 τοσαῦτα

112 1549 161 1629 ἔρη
176 1549 222 1608 καὶ
244 1547 384 1622 τηλικαῦτ’
398 1547 484 1626 spati
505 1546 624 1618 ποιήσειν
643 1549 687 1608 τὸν
702 1552 784 1628 δῆμον
798 1599 805 1622 ,
820 1549 889 1612 ὥστε

112 1638 232 1705 ἅπαντας
259 1634 455 1718 δπερδαλέσθαε
479 1634 539 1703 τοὺς
562 1636 764 1715 έπαινουμένους
788 1641 830 1698 lat
851 1641 889 1720 τῷ

61 1748 86 1785 ra
112 1729 196 1810 ριλεῖν
210 1727 256 1786 καί
271 1725 362 1795 σώζιιν
376 1724 407 1785 τὸ
420 1725 572 1801 δημοτικόν.
591 1726 646 1784 Καὶ
656 1734 739 1787 ταῦτα
754 1726 804 1809 ίρη
814 1727 889 1800 ποιή-

113 1837 167 1873 σειν
180 1818 226 1874 ούκ
243 1817 279 1882 εἰς
294 1813 410 1894 μακράν.
438 1813 571 1880 Διαλύσας
584 1811 670 1886 δέτὴν
685 1816 827 1888 έκκλησίαν
842 1816 888 1876 καί

113 1905 206 1984 χρόνον
222 1904 280 1963 οὐδὲ
298 1903 435 1984 ἀκαριαῖον
458 1901 601 1975 διαλιπὼν,
623 1906 657 1980 τῇ
671 1903 781 1965 κατόπιν
801 1903 890 1987 ἡμέρᾳ

115 1993 252 2050 συνεκάλει
265 1991 312 2064 την
326 1991 423 2072 βουλὴν
439 1993 475 2058 τίς
490 1990 519 2049 τδ
532 1990 676 2072 συνέδριον,
689 1992 767 2073 ὀρθὴν
782 1993 828 2052 καί
839 2014 888 2051 πε·

114 2070 220 2159 ρίρούον
232 2069 311 2138 οὖσαν
326 2079 369 2139 έπὶ
383 2089 438 2145 τοῖς
452 2079 567 2159 ῥηθεῖσιν
583 2081 628 2138 ὑπ’
643 2081 723 2140 αὐτοῦ
735 2079 831 2160 λόγοις·
844 2080 889 2140 καί

60 2185 88 2227 20
115 2168 177 2248 πρίν
192 2169 280 2250 ἑτέρου
291 2170 358 2237 τινδς
379 2168 508 2250 ἄρξασθαι
525 2167 617 2247 λόγου,
631 2170 680 2243 τὴν
699 2171 848 2253 ἀπόρρητον
864 2174 890 2230 ἐν

114 2261 152 2339 τῷ
176 2259 253 2339 δήμῳ
279 2259 458 2339 φυλαχθεῖσαν
484 2256 592 2335 γνώμην
616 2260 652 2326 τίς
677 2260 756 2335 μέσον
785 2259 890 2342 ίρεριν,

114 2346 192 2414 ἀξιῶν
203 2347 263 2414 τοὺς
276 2349 426 2426 βουλευτάς,
438 2345 548 2416 «ἐπειδὴ
558 2347 644 2406 πολλδι
656 2347 670 2404 δ
680 2347 805 2426 δῆμοςτῇ
816 2346 892 2406 πολει

114 2434 245 2514 χρήσιμος
256 2435 361 2514 γέγονε,
382 2433 417 2492 τὰ
438 2435 486 2512 μίν
501 2437 537 2501 είς
556 2434 605 2505 τὴν
629 2434 793 2513 ίλευθερίαν,
816 2436 850 2494 τδι
865 2437 892 2495 δέ

116 2526 152 2589 είς
167 2523 197 2583 τὸ
208 2523 303 2603 ἑτέρων
326 2521 416 2604 ἄρχειν
437 2521 650 2599 συλλαύόμινος,
675 2522 799 2605 πρόνοιαν
812 2525 891 2584 αύτοῦ

63 2636 90 2675 οε
117 2613 297 2684 ποιήσασθαι,
310 2610 358 2682 τήν
370 2634 398 2671 τε
415 2610 506 2692 χώραν
518 2613 590 2690 αύτῷ
602 2611 756 2689 νείμαντας,
777 2611 827 2686 ὅση
841 2636 894 2673 πο-

117 2700 191 2780 λέμῳ
204 2702 364 2778 κρατηθεῖσα
377 2699 448 2780 λόγῳ
461 2699 508 2777 μίν
525 2690 557 2772 ἦν
571 2701 704 2776 δημοσία,
718 2700 787 2782 έργῳ
803 2701 831 2761 di
843 2707 894 2762 τῶν

117 2790 313 2849 ἀναιδεστάτων
326 2810 354 2847 τε
366 2787 412 2847 καλ
426 2789 472 2849 σὺν
487 2788 570 2848 οὗδενλ
585 2788 679 2870 δικαίῳ
692 2791 895 2869 κατεσχηκότων

116 2878 278 2959 πατρικίων,
301 2877 347 2937 καί
366 2881 414 2949 τῆς
436 2876 488 2938 ὑπὸ
510 2877 628 2945 Γέλωνος
648 2884 693 2936 τοῦ
710 2879 832 2947 Σικελίας
846 2905 895 2940 τυ-

118 2967 212 3045 ράννου
232 2965 394 3047 πεμρθιίσης
408 2965 481 3047 σρίσι
497 2968 596 3048 δωρεᾶς
610 2969 732 3038 σιτικῆς,
748 2966 781 3038 ἣν
797 2969 895 3047 προῖκα

64 3080 91 3121 ³0
117 3057 175 3116 δέον
201 3055 319 3123 ἅπαντας
354 3055 536 3133 διανείμασθαι
567 3052 627 3122 τοθς
655 3056 765 3123 πολίτας
790 3057 896 3131 ὠνητὴν

118 3145 266 3222 ίλάμύανον
292 3148 316 3202 σί
342 3141 465 3217 πένητες,
491 3145 652 3215 ἀποδοθῆναι
676 3145 722 3212 τδις
749 3145 828 3224 τιμάς
843 3155 897 3215 τοῖς

118 3233 295 3311 ὠνησαμένοις
309 3234 335 3302 ἐξ
348 3225 385 3292 ὧν
401 3223 457 3313 εἶχε
471 3231 598 3293 τὸκοινόν
614 3233 773 3312 χρημάτων.
799 3263 812 3288 ο

159 3325 261 3385 Lxxl.
277 3325 360 3389 Εὐθὺς
371 3325 418 3400 μέν
433 3313 478 3381 οὖν
495 3321 534 3382 έτι
547 3322 667 3397 λέγοντος
684 3325 775 3396 αὐτοῦ,
787 3323 896 3404 θόρυύος

119 3404 152 3483 ἦν
166 3415 262 3485 πολὺς,
276 3411 430 3490 ἀχθομένων
446 3410 570 3470 ἁπάντων
589 3408 635 3469 καλ
650 3411 701 3490 οὐχ
716 3412 896 3488 ὑπομενόντων

66 3519 93 3558 us
121 3499 164 3557 τὀν
178 3498 265 3577 λόγον.
308 3498 418 3568 Ἐπειδὴ
434 3497 458 3556 δ’
481 3496 635 3571 ἐπαύσατο,
656 3498 672 3559 ό
696 3521 725 3558 τε
750 3504 898 3568 συνύπατος

122 3588 200 3645 αὐτοῦ
218 3587 368 3670 Οὐεργίνιος
389 3587 489 3658 πολλὴν
513 3586 657 3659 ἐποιήσατο
681 3589 841 3668 κατηγορίαν
863 3592 898 3658 ώς

121 3674 212 3734 στάσιν
226 3676 385 3755 είσάγοντος,
397 3675 442 3736 καί
456 3679 508 3734 τῶν
518 3675 605 3734 ἄλλων
620 3677 766 3755 βουλευτῶν
777 3680 802 3736 ni
816 3699 897 3757 πρισ·

122 3764 229 3824 δύτατοί
253 3786 283 3825 τι
316 3764 362 3825 καὶ
389 3763 560 3841 τιμιώτατοι,
585 3764 701 3840 μάλιστα
730 3762 757 3822 δέ
786 3761 898 3833 Ἄππιος

123 3852 269 3920 Κλαύδιος·
283 3854 329 3913 καλ
344 3853 424 3936 μέχρι
440 3854 537 3926 πολλῆς
552 3851 622 3932 ώρας
637 3855 798 3932 ἠγριωμένοι
810 3876 839 3912 τε
854 3853 899 3912 καὶ

66 3958 95 4016 ιο
122 3942 155 4000 τά
180 3943 280 4023 ἔσχατα
294 3946 353 4004 κατ’
378 3941 499 4015 ἀλλήλων
521 3942 607 4012 ὀνείδη
622 3942 740 4020 λέγοντες
754 3932 824 4001 οὗτοι
844 3942 898 4001 διι-

121 4034 242 4093 τέλεσαν.
286 4034 353 4100 Ταῖς
370 4032 397 4092 δὲ
421 4032 533 4091 κατόπιν
558 4030 669 4107 ἡμέραις
692 4030 769 4106 δμδν
784 4032 899 4098 Κάσσιος

121 4120 262 4191 ἐκκλησίας
271 4128 387 4200 συνεχεῖς
398 4119 564 4196 ποιούμενος,
581 4118 776 4199 ἐξεδημαγώγει
787 4119 816 4179 τὸ
831 4121 900 4192 πλῆ·

120 4217 178 4287 θος,
192 4210 237 4268 καὶ
257 4209 315 4276 τοὺς
336 4209 403 4289 ὑπέρ
415 4213 461 4281 τῆς
483 4207 643 4289 κληρουχίας
661 4208 753 4285 λόγους
768 4211 898 4292 είσέρερε,

120 4299 165 4357 καὶ
176 4296 256 4366 πολὺς
268 4290 299 4370 ἦν
310 4301 337 4358 έν
347 4305 404 4365 ταῖς
416 4299 586 4378 κατηγορίαις
596 4302 647 4356 τῶν
661 4298 897 4377 ἀντιπραττόντων.

66 4410 92 4448 rs
120 4385 156 4448 Ὁ
171 4384 199 4446 δέ
213 4386 364 4468 Οὐεργίνιος
374 4388 424 4460 vlu
442 4386 538 4467 βουλὴν
549 4385 681 4466 ὁσημέραι
695 4385 815 4463 συνάγων
832 4387 899 4464 μετδι

120 4484 207 4550 κοινῆς
221 4479 327 4557 γνώμης
341 4482 393 4539 τών
410 4478 557 4560 πατρικίων
571 4480 841 4556 ἀντιπαρεσκευάζετο
854 4502 901 4561 pu·

119 4566 203 4633 λακάς
220 4590 248 4625 τε
270 4567 316 4626 καὶ
342 4567 468 4636 κωλύσεις
491 4566 626 4644 νομίμους.
677 4565 732 4626 Καί
755 4559 787 4637 ip
812 4575 899 4647 στῑρος

121 4654 238 4735 ἐκατέρῳ
256 4659 309 4714 τῶν
331 4655 599 4738 παρακολουθούντων
618 4655 706 4714 τεκαὶ
727 4656 847 4734 φυλακὴν
861 4660 899 4735 τῷ

123 4740 227 4818 σώματι
239 4745 406 4826 παρεχόντων
422 4744 504 4806 πολύ·
526 4745 557 4805 τὸ
574 4744 622 4821 μίν
635 4743 732 4824 άπορόν
752 4768 781 4803 τε
796 4745 841 4803 καὶ
854 4749 899 4826 ρυ-

66 4850 94 4889 so
123 4830 207 4910 παρὸν
226 4833 272 4889 καὶ
286 4834 373 4893 πάντα
391 4837 494 4912 τολμᾶν
508 4835 649 4914 πρόχειρον
670 4834 721 4893 ὑπὸ
734 4837 772 4914 τῷ
790 4830 900 4912 Κασσίῳ

121 4920 302 5000 τεταγμένον,
316 4924 347 4982 τὸ
364 4925 387 4981 δ’
401 4919 588 5003 εὐγενέστατόν
608 4947 636 4983 τι
651 4921 698 4982 καί
713 4922 898 5002 καθαρώτατον

122 5011 172 5070 ὑπὸ
195 5015 233 5089 τῷ
257 5012 412 5091 Οὐεργινίῳ.
419 5012 493 5080 Τέως
504 5013 552 5090 μίν
577 5002 621 5070 σύν
641 5011 672 5070 τδ
692 5020 780 5090 χεῖρον
796 5013 822 5069 έν
843 5019 900 5088 ταῖς

122 5100 274 5172 ἐκκλησίαις
286 5099 426 5179 ἐπεκράτει
440 5106 534 5182 μακρῷ
549 5101 657 5182 θατέρου
673 5099 796 5179 προέχον·
807 5100 900 5159 ἔπειτα

122 5191 259 5269 ἰσόρροπον
272 5187 375 5269 ἐγένετο
385 5190 598 5269 προσνειμάντων
612 5186 720 5256 έαυτοίις
732 5193 783 5246 τῶν
799 5188 900 5272 δημάρ-

1661 368 1717 428 nur

945 510 993 547 nou
1009 497 1115 562 amplius
1134 497 1316 560 adversariam,
1331 499 1374 548 scd
1393 498 1497 562 patriam
1520 497 1655 546 vocarent:
1674 497 1723 548 boc

946 597 1029 645 antem
1053 594 1128 645 tertio
1148 594 1292 658 consulatu,
1315 595 1419 645 Volscos
1439 609 1471 646 ex
1493 592 1608 645 hostibus
1631 593 1723 646 amicos

947 693 1022 744 heria
1035 706 1062 743 se
1074 695 1190 753 coactos,
1206 696 1231 744 et
1248 692 1381 754 Hernicos,
1395 695 1494 755 gentem
1511 705 1625 756 magnam
1638 696 1664 742 et
1682 705 1723 756 po·

946 795 1037 844 tentem
1053 792 1191 857 populoque
1205 787 1313 842 Romano
1330 792 1444 852 ricinum,
1458 792 1493 842 itu
1509 793 1538 841 nt
1556 790 1578 841 ei
1592 789 1723 854 plurimum

945 889 971 937 et
986 888 1073 939 obesse
1088 891 1113 939 et
1125 889 1242 954 prodesse
1261 892 1364 953 posset,
1378 903 1405 940 se
1423 892 1525 939 anctore
1538 887 1605 937 ultro
1616 884 1725 938 deditio·

944 995 1002 1034 nem
1012 984 1106 1035 iecisse.
1122 1005 1133 1028 ν
1145 988 1228 1045 Quum
1241 986 1316 1050 igitur
1325 983 1380 1036 haec
1390 988 1464 1048 atque
1479 985 1519 1034 his
1532 982 1621 1035 similia
1638 995 1726 1035 recen·
1775 1015 1779 1021 -

946 1081 1051 1143 suisset,
1069 1083 1164 1146 rogarit
1178 1081 1287 1146 plebem.
1307 1085 1335 1132 ut
1349 1082 1458 1132 animum
1474 1081 1506 1132 ad
1519 1095 1547 1132 se
1559 1083 1723 1142 conuerteret,

945 1177 1010 1241 quod
1034 1178 1080 1228 sibi
1094 1193 1146 1242 prae
1170 1179 1260 1230 ceteris
1276 1178 1416 1243 respublica
1439 1180 1556 1230 maxirnae
1576 1193 1643 1230 curua
1658 1181 1726 1230 essct

945 1281 971 1329 et
991 1280 1154 1344 inposterum
1177 1280 1260 1329 lutura
1275 1281 1349 1330 essct.
1383 1282 1412 1329 hr
1436 1280 1484 1330 line
1504 1283 1585 1331 autern
1608 1279 1725 1330 orationis

946 1375 1116 1440 pollicebatur,
1134 1390 1161 1427 se
1177 1380 1214 1426 tot
1229 1378 1348 1440 tantaque
1361 1375 1479 1427 beneticia
1495 1378 1520 1428 in
1535 1377 1632 1440 plebem
1646 1376 1724 1428 colla·

946 1476 1046 1534 iurum,
1065 1477 1095 1524 ut
1115 1477 1278 1538 superaturus
1299 1487 1401 1535 omnes,
1415 1474 1459 1540 qui
1475 1474 1508 1525 ob
1525 1489 1601 1525 suurn
1614 1489 1725 1528 aurorem
1762 1516 1771 1531 ι

942 1566 967 1616 in
981 1567 1079 1630 plebem
1097 1573 1122 1618 et
1140 1570 1193 1620 eius
1209 1571 1297 1620 salutis
1313 1571 1425 1621 studium
1443 1572 1611 1624 laudarentur.
1645 1573 1725 1638 ldqne

946 1666 1014 1718 breui
1035 1681 1062 1718 se
1079 1667 1201 1720 iacturum
1216 1670 1323 1721 dicebat.
1369 1671 1476 1721 Dimissa
1494 1671 1628 1732 concione,
1649 1676 1675 1723 et
1693 1684 1724 1722 ue

945 1763 1048 1814 minimo
1070 1763 1172 1828 quidem
1191 1766 1308 1829 temporis
1335 1766 1415 1830 spatio
1436 1767 1594 1831 intermisso,
1611 1771 1725 1833 sonanti

945 1864 985 1914 die
1000 1865 1115 1914 sennam
1133 1864 1158 1913 in
1180 1864 1274 1913 curiam
1294 1865 1457 1926 convocavit,
1479 1877 1571 1914 rerum
1591 1870 1725 1928 exspecta-
1823 1928 1830 1936 ,
1862 1876 1866 1883 ·

946 1965 1017 2015 tione
1030 1966 1158 2025 erectum,
1178 1969 1203 2014 et
1215 1967 1282 2015 metu
1300 1965 1441 2029 perculsum
1454 1965 1486 2014 ob
1495 1966 1632 2017 orationem
1641 1967 1674 2018 ab
1683 1968 1725 2018 illo

947 2063 1058 2115 habitam
1070 2078 1076 2108 ε
1090 2065 1117 2114 et
1137 2066 1269 2128 antequam
1287 2063 1354 2113 aliud
1376 2063 1503 2127 quidpiam
1527 2063 1631 2125 diceret,
1650 2080 1725 2118 suum

947 2161 1091 2220 consilium,
1110 2161 1176 2224 quod
1194 2161 1293 2226 plebem
1311 2159 1450 2222 celaverat,
1471 2160 1496 2210 iu
1515 2160 1625 2213 medium
1643 2169 1727 2227 protu-

948 2258 986 2318 lit,
999 2272 1088 2322 rngaus
1101 2260 1184 2323 patres
1200 2263 1242 2319 ut,
1257 2279 1269 2302 ιι
1278 2259 1393 2323 quoniam
1407 2257 1476 2322 plebs
1491 2256 1548 2309 tum'
1560 2260 1584 2309 in
1599 2259 1726 2314 atterenda

949 2355 1074 2414 libertate,
1085 2358 1139 2405 turn
1152 2355 1226 2405 ctiam
1239 2355 1265 2405 in
1278 2353 1386 2420 parando
1404 2354 1429 2404 in
1443 2356 1504 2407 alios
1519 2357 1630 2420 imperio,
1642 2359 1726 2424 reipu-

949 2452 1020 2506 blicae
1036 2454 1099 2506 adeo
1108 2455 1176 2505 utilis
1191 2455 1287 2516 luisset,
1299 2454 1354 2504 eius
1364 2453 1485 2504 rationem
1498 2454 1632 2515 habereut,
1646 2455 1727 2507 dirisu

950 2564 1024 2615 agro,
1039 2552 1085 2615 qui
1097 2550 1162 2601 hello
1175 2555 1260 2616 partus
1274 2549 1356 2600 verbis
1368 2551 1469 2614 quidem
1480 2549 1593 2615 publicus
1604 2553 1672 2612 erat,
1683 2553 1725 2603 sed

951 2662 979 2698 re
991 2661 1049 2698 uera
1062 2648 1225 2712 patriciorum
1235 2645 1521 2712 impudentissimorum,
1533 2647 1576 2712 qni
1588 2661 1646 2700 eum
1660 2649 1728 2701 nullo
1760 2624 1763 2631 Ι
1816 2712 1820 2725 1

952 2747 1004 2799 iure
1015 2751 1179 2812 occuparant;
1196 2749 1222 2797 et
1232 2746 1349 2797 frumenti
1362 2760 1377 2796 a
1391 2744 1500 2807 Gelono,
1515 2744 1605 2797 Siciliae
1614 2749 1727 2812 turano,

952 2846 999 2895 sibi
1018 2844 1083 2893 dono
1094 2843 1164 2893 missi
1183 2844 1282 2908 (quod,
1295 2857 1372 2908 quurn
1384 2843 1461 2907 gratis
1473 2843 1600 2895 debuisset
1611 2844 1727 2896 omnibns

952 2942 1047 2993 civibus
1060 2941 1152 3001 dividi,
1166 2955 1285 3007 pauperes
1303 2941 1429 3004 emerant)
1451 2941 1530 3006 pretia
1544 2942 1680 2992 emtoribus
1696 2957 1729 2995 en

952 3041 1042 3092 aerario
1052 3039 1191 3092 redderent.
1211 3062 1224 3087 ν

984 3337 1068 3384 Llllll.
1088 3335 1175 3384 Adlruc
1196 3335 1281 3384 autem
1299 3346 1329 3382 eo
1346 3332 1474 3397 loquente,
1499 3333 1586 3398 ingens
1609 3331 1730 3383 turnultus

953 3424 991 3471 est
1004 3422 1141 3482 exolutus,
1154 3421 1270 3471 omnibus
1284 3419 1467 3485 indignantibus
1477 3424 1552 3484 atque
1565 3421 1620 3472 eius
1638 3422 1729 3472 oratio·

954 3524 1010 3560 uem
1025 3524 1090 3573 angre
1106 3509 1249 3560 terentibus.
1284 3509 1332 3559 Ubi
1348 3522 1407 3559 vero
1424 3509 1514 3570 desiit,
1528 3510 1656 3574 Virginius
1677 3510 1731 3560 elus

954 3600 1047 3662 collega
1062 3598 1173 3648 oratione
1185 3598 1211 3647 in
1229 3611 1287 3648 eum
1309 3598 1424 3648 insectus
1435 3602 1484 3661 est,
1500 3599 1568 3661 quod
1586 3597 1730 3650 seditionem

956 3687 981 3736 in
991 3684 1168 3751 rempublicam
1185 3685 1367 3745 introduceret,
1383 3688 1409 3736 et
1422 3686 1606 3737 honoratissimi
1621 3688 1730 3752 quique,

955 3775 1000 3826 sed
1011 3775 1135 3840 prrecipue
1148 3775 1244 3840 appius
1255 3773 1385 3835 Claudius3
1396 3778 1421 3825 et
1433 3775 1465 3825 ad
1477 3777 1569 3826 multas
1581 3776 1655 3826 horas
1667 3776 1731 3827 inter

956 3877 999 3914 eos
1009 3863 1171 3914 exacerbatos
1180 3899 1188 3927 ‚
1198 3877 1247 3913 nou
1257 3863 1309 3915 siue
1318 3863 1473 3928 grauissimis
1483 3865 1616 3923 conuiciis,
1627 3864 1731 3916 alterca-

956 3953 991 4005 tio
1002 3953 1109 4005 durarit.
1128 3953 1239 4010 Diebus.
1250 3953 1294 4018 qni
1306 3953 1386 4003 soordi
1407 3957 1480 4016 suut,
1494 3953 1596 4004 cassius
1608 3954 1732 4005 continuis

956 4043 1117 4095 concionibus
1135 4043 1213 4108 plebis
1222 4042 1332 4093 lavorern
1345 4042 1391 4092 sibi
1408 4041 1567 4101 corrciliabat,
1583 4047 1609 4092 et
1621 4042 1653 4094 de
1666 4043 1731 4093 diri-

955 4134 1043 4186 dendis
1055 4134 1121 4197 agris
1129 4133 1226 4197 agebat,
1242 4137 1267 4183 et
1276 4131 1406 4196 prolixiore
1418 4131 1529 4181 oratione
1540 4132 1565 4181 iu
1578 4132 1732 4184 adversarios

955 4225 1126 4277 invehebatur.
1160 4228 1192 4275 At
1204 4224 1346 4288 Virginius,
1359 4222 1471 4286 quotidie
1483 4227 1569 4273 coacto
1586 4226 1686 4281 senatu.
1700 4224 1731 4277 de

954 4314 1079 4364 cummuni
1090 4318 1190 4379 patrum
1199 4312 1321 4365 sententia
1333 4311 1443 4363 uicissim
1452 4316 1538 4362 contra
1546 4326 1602 4363 eum
1619 4312 1732 4376 praesidia

955 4402 1114 4466 legitimaque
1127 4401 1301 4466 impedimenta
1312 4401 1425 4465 parabat.
1458 4403 1489 4450 Et
1505 4402 1610 4463 uterque
1624 4400 1731 4452 multum

955 4492 1104 4544 asseclarum
1118 4491 1218 4556 globnrn
1229 4490 1261 4541 ad
1273 4489 1384 4553 corporis
1402 4490 1442 4540 sui
1452 4490 1589 4540 custodiam
1599 4489 1711 4551 ¹habebnt
1724 4512 1730 4540 :

955 4581 1040 4646 inopes
1050 4580 1151 4646 qnldenr
1169 4578 1262 4630 sordidi
1274 4578 1342 4629 etad
1361 4578 1468 4641 quodvis
1480 4577 1577 4627 lacinus
1589 4577 1731 4627 audendum

955 4669 1046 4736 promti
1055 4669 1184 4728 cassium,
1198 4667 1364 4731 sequebantur
1378 4668 1482 4731 eiusque
1497 4667 1575 4716 latera
1585 4665 1728 4727 stipabant;

955 4759 1101 4811 nobilissimi
1119 4771 1179 4808 veru
1191 4757 1284 4822 quique
1301 4760 1327 4807 ut
1343 4756 1511 4806 honestissimi
1536 4752 1638 4815 Virginii
1655 4751 1730 4813 parti-

954 4847 1002 4898 bus
1016 4847 1182 4898 adhaerebant.
1226 4834 1313 4908 ltaque
1330 4843 1482 4907 aliquamdiu
1502 4855 1558 4905 pars
1577 4836 1683 4886 deterior
1704 4839 1729 4891 in

955 4936 1112 4986 concionibus
1139 4935 1241 4985 alteram
1266 4934 1409 4998 superavit,
1438 4929 1506 4994 quod
1530 4940 1634 4975 numeru
1660 4928 1728 4994 longe

955 5023 1034 5072 maior
1048 5026 1113 5074 esset
1130 5042 1136 5073 :
1152 5022 1252 5073 tandem
1265 5035 1325 5071 sero
1339 5021 1444 5082 aquatic
1459 5019 1531 5074 sunt,
1546 5028 1625 5078 quum
1638 5014 1728 5065 tribuni

956 5125 982 5161 se
1000 5111 1096 5162 meliori
1119 5113 1182 5175 parti
1205 5108 1389 5165 adiurrxissent3
1415 5105 1468 5153 sire
1491 5103 1586 5166 quode
1603 5104 1729 5167 republica

955 5212 1073 5250 essenon
1096 5199 1238 5258 rideretur,
1261 5194 1369 5260 plebem,
1388 5191 1559 5255 largitionibus
1574 5193 1600 5242 et
1612 5203 1727 5252 agrorurn
