3772 5828
174 361 213 420 90
682 352 847 414 DIONYSII
869 353 1253 418 HALICARNASSENSIS.

174 488 231 557 ξίαν
244 491 266 547 τΙ
279 491 307 546 οὖ
322 486 370 558 τὴν
386 486 553 566 βλάπτουσαν
570 486 697 554 ἀλλήλους
710 484 860 557 διώκουσιν,
878 485 946 544 ἀλλά

175 576 222 647 την
237 576 290 634 ἀπό
304 579 355 637 τῶν
368 571 500 652 πολεμίων
517 571 737 652 περιποιουμένην
751 571 798 639 τάς
811 572 947 651 ώρελείας.

176 660 267 733 Ἀτελῆ
283 661 310 720 di
326 662 423 720 τούτων
440 662 560 739 ἑκάτερον
575 658 718 738 ἡγούμενος
732 649 797 717 είναι
814 663 866 716 τῶν
885 659 948 737 βίων

177 751 351 831 χωριζόμενον
373 751 480 827 θατέρου
500 749 544 806 καί
563 747 705 828 ριλαίτιον,
720 748 770 825 οὐχ
791 746 887 827 ἑτέροις
901 749 948 824 μέν

138 870 151 906 ς
177 862 243 898 τισιν
268 840 401 901 ἀπέδωκεν
429 837 582 916 ἐργάζεσθαι
598 837 646 907 την
671 840 737 914 γῆν,
759 836 853 916 ἑτέροις
872 836 899 894 δέ
917 836 949 894 τά

177 926 310 1004 πολεμίων
327 926 410 1007 ρέρειν
426 949 453 982 τε
467 924 509 982 καί
530 924 601 1001 οίγειν
610 968 618 996 ,
633 928 668 990 ώς
681 928 695 982 ό
710 927 761 982 τῶν
781 925 949 999 Λακεδαιμο-

178 1014 239 1074 νίων
258 1006 313 1095 εἶχε
327 1016 417 1091 νόμος,
431 1013 497 1072 ἀλλά
512 1013 571 1078 τοὺς
586 1011 680 1079 αὐτοὺς
700 1012 744 1070 τόν
763 1034 791 1070 τι
809 1012 951 1088 πολεμικὸν

178 1101 223 1159 καί
241 1104 285 1161 τὸν
305 1103 447 1182 γεωργικὸν
469 1101 543 1168 ίταξε
565 1103 620 1180 βίον
642 1105 704 1172 ζῆν,
728 1103 750 1159 εί
775 1099 822 1176 μίν
847 1100 951 1177 εἰρήνην

180 1189 265 1267 ἀγοιεν
282 1190 324 1251 iel
342 1195 395 1257 τοῖς
410 1190 468 1249 κατ’
484 1191 563 1270 ἀγρὸν
578 1189 662 1268 ἔργοις
673 1193 762 1259 ίθίζων
774 1189 891 1255 ἅπαντας
906 1187 952 1264 μί·

127 1309 151 1347 ω
177 1300 248 1351 νειν,
270 1278 338 1350 πλὴν
354 1277 378 1338 εί
391 1302 455 1337 ποτε
471 1279 582 1350 δεηθεῖεν
595 1281 709 1356 ἀγορᾶς,
727 1276 785 1338 τότε
800 1279 822 1337 δ’
838 1280 873 1344 είς
887 1275 953 1335 ἀστυ

179 1367 315 1435 συνιόντας
326 1369 479 1446 ἀγοράζειν,
494 1368 588 1436 ἐνάτην
602 1368 693 1444 ὁρίζειν
707 1365 809 1446 ἡμέραν
819 1373 876 1432 ταῖς
890 1369 954 1443 ἀγο-

182 1458 251 1536 ραῖς·
264 1455 307 1516 ὅτε
323 1456 350 1516 δί
364 1456 478 1532 πόλεμος
492 1455 655 1531 καταλοίθοι,
675 1455 861 1532 στρατεύεσθαι
876 1455 952 1513 διδά-

180 1570 250 1610 σκων
270 1545 315 1604 καί
340 1545 377 1622 μὴ
393 1551 562 1624 παραχωρεῖν
589 1543 684 1623 έτέροις
705 1542 771 1617 μήτε
796 1546 847 1600 τῶν
868 1543 954 1601 πόνων

181 1637 249 1713 μήτε
263 1636 314 1692 τῶν
331 1635 475 1713 ὠφελειῶν.
518 1631 609 1711 Διῄρει
625 1630 675 1709 γάρ
690 1632 777 1697 αὐτοῖς
791 1630 817 1701 ἐξ
830 1630 887 1689 ίσου
905 1634 953 1708 γῆν

128 1750 151 1788 re
181 1725 203 1784 θ’
212 1725 276 1798 ὅσην
287 1722 318 1782 ἀν
326 1720 463 1803 ἀρίλοιντο
472 1720 613 1796 πολεμίους
620 1720 665 1779 καί
676 1719 824 1797 ἀνδράποδα
835 1720 880 1779 καί
889 1719 956 1799 χρίρ

180 1836 269 1888 ματα,
294 1811 340 1870 καί
363 1808 557 1889 παρεσκεύαζεν
585 1811 729 1887 ἀγαπητῶς
757 1808 879 1889 δέχεσθαι
909 1809 955 1875 τίς

153 1901 155 1904 ⁴
180 1900 326 1981 στρατείας.

221 1987 330 2051 ΧΧΙΧ.
344 1989 370 2048 Τ
369 1989 406 2044 ῶν
421 1986 444 2044 δ’
461 1987 497 2051 είς
510 1986 639 2058 ἀλλήλους
657 1981 829 2060 ἀδικημάτων
851 1987 879 2042 οὗ
893 2006 955 2065 χρο·

180 2078 248 2144 νίους
264 2076 332 2136 ἀλλά
347 2074 457 2154 ταχείας
472 2075 584 2133 ἐποιεῖτο
603 2072 650 2139 τάς
664 2074 778 2152 κρίσεις,
792 2071 825 2130 τά
846 2072 892 2148 μὲν
908 2073 954 2128 αὖ·

125 2178 153 2216 2⁰
181 2162 224 2232 τδς
237 2166 363 2236 διαιτῶν,
377 2159 411 2221 τά
426 2163 448 2219 δΙ
466 2160 554 2227 ἀλλοις
569 2160 730 2239 ἐπιτρέπων,
748 2157 794 2218 καί
809 2157 855 2224 τάς
871 2182 956 2235 τιμω-

47 2236 51 2243 ¹
183 2253 238 2335 ρίας
249 2254 335 2312 αὐτῶν
346 2251 410 2329 πρδς
424 2249 457 2308 τίι
470 2249 567 2328 μεγέθη
581 2250 633 2306 τῶν
647 2247 848 2326 ἁμαρτημάτων
862 2249 956 2305 ίποιεῖ·

179 2366 220 2404 το.
264 2339 432 2419 ’ἀποτρέπειν
458 2341 482 2396 τ’
507 2337 658 2418 ἀνθρώπους
681 2336 734 2395 ἀπὸ
760 2337 856 2403 παντὸς
880 2336 956 2415 ἔργον

181 2432 295 2508 πονηροῦ
311 2427 354 2486 τόν
377 2424 456 2508 ρόδον
479 2426 594 2500 μάλιστα
614 2424 755 2501 δυνάμενον
770 2426 854 2498 δρῶν,
870 2423 956 2484 πολλὰ

182 2518 217 2582 είς
229 2520 306 2575 τοῦτο
320 2513 555 2593 παρεσκευάσατο,
570 2513 666 2594 χωρίον
681 2515 722 2585 τ’,
736 2514 762 2571 έν
778 2502 800 2593 ᾧ
814 2513 954 2587 καθιζόμε·

127 2623 153 2663 ει
180 2624 224 2672 νος
248 2602 382 2676 ἐδίκαζεν,
404 2604 430 2662 έν
453 2606 491 2682 τῷ
518 2601 693 2684 φανερωτάτην
715 2604 762 2671 τῆς
783 2603 892 2680 ἀγορᾶς,
912 2598 957 2658 καί

184 2693 362 2771 στρατιωτῶν,
373 2688 399 2751 οἳ
420 2689 633 2771 παρηκολούθουν
654 2692 727 2772 αὐτῷ
747 2691 892 2771 τριακόσιοι
912 2691 956 2750 τὸν

185 2779 295 2859 ἀριθμόν
315 2779 400 2855 ὄντες,
422 2779 715 2854 καταπληκτικωτάτην
737 2780 881 2860 πρόσοψιν,
910 2781 957 2860 βά·

185 2869 261 2934 θδονς
274 2892 303 2927 τε
318 2869 363 2929 καί
376 2869 496 2935 πελέκεις
508 2870 553 2926 ὑπ’
564 2869 664 2945 ἀνδρῶν
678 2866 779 2926 δώδεκα
794 2869 958 2947 φερομένους,

182 2947 221 3024 οἷς
244 2956 304 3023 τοὺς
327 2955 373 3031 μέν
396 2955 456 3024 ἀξια
472 2954 608 3030 μαστίγων
633 2955 791 3033 δεδρακότας
809 2954 906 3022 ἔξαινον
931 2958 957 3012 ἐν

127 3053 155 3093 ³⁰
183 3047 280 3123 ἀγορᾷ,
297 3048 348 3103 τῶν
361 3042 389 3103 δὲ
401 3046 433 3102 sd
450 3041 551 3120 μέγιστ’
563 3043 725 3113 ἠδικηκότων
739 3041 797 3107 τοὺς
812 3043 959 3120 τραχήλους

183 3132 331 3192 ἀπέκοπτον
355 3135 382 3192 ἐν
407 3136 444 3211 τῷ
466 3133 579 3210 φανερῷ.
620 3132 744 3195 Τοιοῦτος
765 3129 812 3204 μίν
838 3131 869 3200 δή
889 3154 927 3196 τις
945 3135 959 3189 ό

183 3219 280 3297 κόσμος
296 3213 327 3293 ἦν
342 3225 388 3293 τῆς
409 3217 664 3292 κατασκευασθείσης
683 3217 734 3276 ὑπὸ
748 3216 888 3291 Ῥωμύλου
908 3242 960 3278 πο-

182 3309 294 3377 λιτείας·
310 3309 415 3390 ἀπόχρη
430 3307 481 3389 γάρ
501 3310 532 3366 ἐκ
552 3305 650 3365 τούτων
670 3307 715 3366 καί
730 3307 791 3386 περὶ
806 3309 856 3363 τῶν
872 3309 959 3366 ἀλλων

183 3397 299 3459 εἰκάσαι.
399 3455 405 3479 ,

130 3493 156 3534 ⁸⁶
224 3488 317 3547 XXX.
334 3486 370 3547 Αί
391 3483 415 3543 δ’
429 3483 508 3545 ἄλλαι
522 3483 643 3564 πράξεις,
661 3480 692 3542 αί
704 3506 732 3542 τε
753 3483 823 3541 κατά
840 3482 898 3551 τοὺς
912 3507 960 3543 πο·

185 3573 278 3649 λέμους
293 3575 343 3633 ὑπὸ
356 3580 401 3633 τοῦ
425 3573 517 3654 ἀνδρὸς
531 3574 669 3652 γενόμεναι
683 3575 727 3632 καί
743 3577 769 3632 αί
784 3572 852 3632 κατὰ
866 3576 959 3648 πόλιν,

185 3650 222 3718 ῶν
243 3663 273 3719 άν
294 3685 333 3728 τις
353 3665 398 3721 καί
421 3662 496 3740 λόγον
520 3662 654 3733 ποιήσαιτ’
677 3664 703 3719 ἐν
724 3661 838 3742 ἱστορίας
860 3667 959 3743 γραρῇ,

185 3749 303 3807 τοιαῦταί
325 3773 392 3817 τινες
412 3752 613 3832 παραδίδονται.
661 3753 773 3812 Πολλῶν
798 3750 959 3827 περιοικοόν·

185 3856 237 3892 των
256 3835 303 3908 τὴν
324 3836 434 3914 Ῥώμην
458 3842 537 3898 ἐθνῶν
557 3839 679 3917 μεγάλων
701 3862 728 3896 τε
743 3839 788 3896 καί
803 3837 836 3896 τί
856 3839 960 3912 πολέμι’

132 3940 159 3978 to
186 3921 304 3998 ἀλκίμων
328 3927 404 3999 λίαν,
425 3919 463 3986 ῶν
481 3926 554 3985 οὐδὲν
572 3919 602 3998 ἦν
622 3935 675 3992 τοῖς
700 3925 844 3999 Ῥωμαίοις
859 3926 959 4004 μίλιον,

187 4009 370 4072 οἰκειώσασθαι
399 4020 485 4073 ταῦτα
521 4014 656 4092 βουληθείς
683 4012 852 4088 ἐπιγαμίαις,
880 4010 961 4092 ὅσπερ

189 4097 272 4157 ίδόκει
295 4108 348 4167 τοῖς
365 4104 487 4169 παλαιοῖς
508 4104 604 4181 τρόπος
628 4093 696 4161 εἶναι
718 4100 890 4179 βεθαιότατος
909 4105 962 4160 τῶν

188 4188 372 4246 συναπτόντων
392 4191 493 4270 φιλίας·
508 4189 697 4268 ἐνθυμούμενος
712 4191 734 4248 δ’
750 4189 789 4248 ότι
806 4191 963 4266 βουλόμεναι

189 4274 238 4355 μίν
254 4281 282 4335 ni
296 4277 383 4343 πόλεις
397 4279 442 4336 οὐκ
458 4277 489 4337 ἀν
503 4279 648 4338 συνέλθοιεν
664 4280 750 4342 αὐτοῖς
765 4281 825 4356 ἄρτι
836 4302 864 4337 τε
880 4301 964 4338 συνοι·

134 4375 160 4414 *θ
188 4364 332 4443 κιζομένοις
350 4365 395 4424 καί
417 4365 476 4426 οὔτε
495 4370 618 4447 χρήμασι
631 4369 748 4433 δυνατοῖς
768 4366 826 4425 οὔτε
841 4366 962 4445 λαμπρόν

190 4452 264 4533 ἔργον
286 4454 501 4533 ἐπιδεδειγμένοις
524 4454 612 4527 οὐδέν,
628 4460 777 4533 βιασθεῖσαι
798 4452 962 4528 δείξουσιν,

190 4543 213 4600 εί
229 4542 345 4620 μηδεμία
360 4542 459 4620 γένοιτο
473 4545 532 4623 περὶ
546 4543 594 4615 τὴν
611 4544 728 4622 ἀνάγκην
748 4541 837 4623 θόρις,
857 4543 963 4620 γνώμην

189 4629 280 4713 ἔσχεν,
295 4624 313 4711 ᾗ
326 4632 370 4690 καί
384 4630 512 4709 Νεμέτωρ
523 4635 536 4689 ὁ
548 4632 656 4698 πάππος
669 4635 747 4691 αὐτοῦ
759 4631 918 4711 προσέθετο,
930 4632 963 4689 δι’

191 4717 313 4800 ἁρπαγῆς
326 4718 462 4798 παρθένων
478 4721 572 4799 ἀθρόας
583 4720 724 4796 γενομένης
739 4719 899 4790 ποιήσασθαι
918 4720 963 4784 et<

135 4818 162 4856 ⁶⁰
190 4808 341 4887 ίπιγαμίας.
387 4806 468 4874 Γνοὺς
487 4806 515 4865 δὲ
532 4814 615 4865 ταῦτα
635 4811 684 4887 θεῷ
703 4807 750 4884 μίν
767 4806 847 4887 εὐχάς
863 4807 962 4864 τίθεται

189 4901 292 4976 πρῶτον
305 4897 461 4981 ἀπορρήτων
475 4897 659 4976 βουλευμάτων
672 4899 790 4976 ἡγεμόνι,
801 4897 873 4968 ἔθνη
887 4897 964 4973 πεῖρα

192 4985 262 5064 αὐτῷ
283 4987 351 5044 κατά
372 4992 430 5046 νοῦν
454 4987 565 5067 χωρήσῃ
580 5031 586 5059 ,
603 4987 694 5044 θυσίαν
711 4989 755 5046 καί
781 4985 871 5067 ἑορτάς
895 4985 964 5052 ἄξειν

190 5072 248 5130 καθ’
261 5073 371 5133 ἕκαστον
385 5076 518 5135 ἐνιαυτόν·
532 5075 622 5135 ἔπειτα
632 5081 670 5154 τῷ
683 5074 809 5154 συνεδρίῳ
822 5078 867 5145 τῆς
878 5095 965 5153 γερου·

194 5158 249 5227 σίας
269 5161 404 5237 ἀνενέγκας
421 5167 464 5223 τόν
487 5165 580 5243 λόγον,
600 5163 691 5234 ἐπειδὴ
708 5161 834 5228 κάκείνοις
854 5163 884 5219 τὸ
905 5161 964 5239 βοό·

1003 495 1112 546 lumenta
1124 497 1240 547 efferunt.
1274 499 1350 547 flatus
1365 499 1446 547 autern
1460 497 1507 549 boc
1518 499 1651 562 utrumqne
1661 499 1719 550 vitre
1733 515 1777 564 ge.

1004 620 1065 669 nus,
1080 606 1102 656 si
1116 607 1221 658 atterum
1234 605 1267 658 ab
1286 608 1364 658 altero
1382 612 1547 672 separaretur,
1563 608 1732 674 imperfectum
1750 617 1777 665 et

1005 718 1138 781 litigiosum
1150 732 1218 780 esse,
1234 733 1282 769 non
1291 719 1405 770 attribuit
1417 719 1472 770 aliis
1488 720 1588 785 quidem
1600 733 1685 785 agrum
1697 723 1776 773 colen-

1006 827 1083 888 dum,
1101 828 1156 878 aliis
1172 841 1233 880 nero
1252 827 1361 878 bostium
1379 842 1419 879 res
1437 827 1543 892 agendm
1562 831 1589 880 et
1606 829 1732 891 terendas,
1750 835 1781 883 ut

1006 950 1060 987 mos
1072 935 1312 987 lacedemoniorum
1331 937 1441 988 terebat:
1461 937 1506 988 sed
1518 938 1618 989 eosdem
1629 942 1656 990 et
1668 940 1781 992 bellicam

1006 1049 1033 1097 et
1048 1047 1165 1097 rusticam
1183 1048 1259 1098 vitam
1279 1061 1394 1099 exemere
1407 1050 1493 1110 iussit,
1511 1049 1579 1114 pacis
1598 1051 1699 1114 quidem
1716 1058 1779 1103 tem·

1008 1166 1066 1215 pore
1078 1153 1109 1202 ad
1124 1152 1215 1203 rustica
1226 1167 1298 1217 opera
1315 1168 1400 1203 omnes
1416 1154 1579 1205 assuefaciens
1587 1192 1594 1214 ,
1603 1155 1651 1206 nisi
1661 1156 1781 1219 siquando

1008 1261 1120 1310 mercatu
1133 1271 1196 1322 opus
1219 1259 1318 1319 luisset,
1338 1262 1416 1322 (tune
1438 1260 1504 1311 enirn
1521 1260 1679 1324 patiebatur
1691 1275 1734 1312 eos
1757 1263 1781 1312 in

1009 1364 1095 1415 urbem
1107 1366 1280 1415 convenientes
1291 1365 1421 1429 negotiari,
1435 1378 1499 1416 nono
1510 1378 1609 1430 quoqne
1623 1365 1664 1417 die
1674 1367 1704 1416 ad
1717 1379 1779 1415 nun·

1009 1473 1080 1524 dines
1089 1474 1230 1536 destinato)
1244 1474 1299 1523 belli
1310 1487 1368 1524 vero
1382 1477 1492 1538 tempore
1506 1487 1549 1525 eos
1558 1474 1661 1525 militare
1672 1474 1776 1529 dooens.

1009 1582 1035 1630 et
1044 1580 1133 1630 nemini
1147 1579 1234 1630 cedere
1247 1594 1327 1644 neque
1338 1581 1361 1629 in
1373 1580 1500 1631 laboribus
1507 1594 1586 1644 neque
1598 1581 1712 1631 intueris.
1745 1585 1781 1631 Ex

1010 1698 1082 1748 aequo
1092 1686 1158 1735 enim
1171 1684 1297 1734 dividebat
1306 1685 1354 1735 iltis
1364 1699 1451 1750 agrurn
1467 1698 1542 1751 quem
1554 1686 1666 1736 hostibus
1678 1684 1785 1735 ademis-

1010 1793 1078 1851 sent,
1099 1795 1124 1840 ct
1144 1791 1263 1855 mancipia
1282 1795 1308 1842 et
1329 1793 1456 1855 pecunias,
1470 1797 1495 1843 et
1516 1793 1553 1843 sio
1568 1793 1600 1843 ad
1616 1795 1784 1858 expeditiones

1011 1895 1122 1946 lubenter
1135 1895 1302 1961 suscipiendas
1313 1898 1412 1960 paratos
1424 1896 1552 1948 reddebat.

1042 2003 1128 2051 xliiii.
1146 2003 1182 2050 De
1197 1999 1293 2050 iniuriis
1311 2004 1393 2051 autem
1404 2001 1469 2052 lntcr
1490 2015 1533 2052 eos
1548 2001 1614 2053 ultro
1628 2003 1739 2066 citroque
1755 2004 1785 2055 ri·

1010 2105 1067 2155 latis
1092 2107 1117 2154 et
1144 2103 1251 2168 acceptis
1276 2105 1329 2154 sine
1356 2103 1472 2154 dilatione
1493 2104 1576 2155 statim
1608 2107 1785 2168 cognoscebat,

1011 2208 1100 2274 partim
1118 2208 1170 2273 ipse
1186 2209 1217 2258 de
1235 2208 1267 2258 iis
1278 2206 1403 2268 iudicans,
1414 2208 1503 2273 partim
1519 2207 1623 2259 aliomm
1639 2208 1731 2260 iudicio
1744 2224 1786 2260 eas

1012 2313 1171 2376 permittens,
1184 2316 1209 2363 et
1223 2326 1309 2377 poenas
1322 2326 1368 2378 pro
1376 2311 1460 2364 delicti
1475 2312 1643 2375 magnitudine
1654 2314 1786 2365 statuebat.

1012 2422 1043 2469 Et
1059 2432 1116 2470 cum
1131 2418 1226 2469 videret
1237 2421 1332 2469 metum
1344 2417 1455 2468 immines
1466 2417 1497 2469 ab
1512 2417 1579 2468 omni
1593 2419 1685 2470 sociere
1703 2420 1788 2484 deter-

1012 2539 1066 2577 rere
1077 2526 1184 2576 maxime
1193 2538 1278 2589 posse,
1289 2525 1369 2574 multa
1381 2525 1413 2575 ad
1422 2537 1477 2575 eam
1487 2538 1540 2577 rem
1551 2524 1659 2590 pararit,
1670 2531 1696 2576 et
1708 2526 1789 2577 tribu·

1013 2630 1067 2691 nal,
1080 2629 1124 2679 ubi
1143 2629 1230 2679 sedens
1247 2627 1383 2688 iudicabat,
1396 2627 1422 2676 in
1441 2627 1489 2678 tori
1500 2626 1554 2678 loeo
1571 2629 1679 2679 maxime
1690 2629 1789 2693 conspi-

1013 2750 1074 2797 cuo,
1088 2738 1114 2786 et
1125 2735 1216 2785 milites
1231 2737 1370 2795 trecentos,
1389 2733 1432 2798 qui
1449 2734 1531 2799 ipsum
1548 2735 1723 2799 sequebantur,
1736 2749 1789 2799 spo·

1013 2846 1051 2896 cie
1070 2845 1179 2897 maximo
1200 2843 1384 2909 lormidabiles;
1401 2847 1426 2895 et
1448 2845 1530 2909 virgas
1553 2847 1580 2896 et
1600 2858 1699 2897 secures
1719 2861 1734 2895 a
1753 2860 1790 2896 xri

1014 2952 1142 3003 lictoribus
1156 2952 1287 3016 praelatas,
1298 2951 1341 3014 qui
1352 2950 1497 3002 verberibus
1509 2949 1597 3017 dignos
1610 2951 1635 3002 in
1646 2952 1697 3000 toro
1706 2952 1788 3002 crede-

1013 3057 1087 3118 bant,
1100 3061 1125 3107 et
1140 3055 1251 3107 cervices
1264 3056 1408 3119 gravissima
1423 3055 1519 3107 scelera
1534 3057 1685 3121 patrantium
1695 3057 1721 3106 in
1732 3071 1792 3107 con-

1014 3166 1101 3226 speetu
1111 3160 1220 3211 omnium
1229 3160 1407 3225 percutiebant.
1442 3160 1791 3224 Hueiqiturltdtreipublicae

1015 3285 1028 3319 ο
1043 3269 1146 3323 llomulo
1160 3269 1302 3319 constitutae
1324 3268 1412 3318 torma
1444 3270 1481 3317 Ex
1494 3268 1533 3318 his
1544 3266 1616 3318 'enim
1630 3267 1700 3317 tacite
1713 3268 1789 3317 otiam

1014 3377 1045 3427 de
1059 3378 1159 3442 reliquis
1174 3376 1285 3427 conicere
1297 3375 1363 3426 licet.

1047 3505 1118 3552 lixit.
1137 3505 1185 3552 llos
1199 3515 1272 3566 porro
1286 3501 1316 3551 ab
1329 3499 1371 3549 illo
1385 3499 1438 3548 viro
1455 3500 1506 3548 tam
1519 3497 1613 3550 mititte
1626 3510 1700 3559 quam
1724 3497 1791 3548 dorni

1016 3603 1105 3664 qesta),
1127 3609 1184 3664 quus
1202 3599 1301 3662 quidem
1324 3597 1403 3660 dignae
1424 3598 1498 3658 sunt,
1516 3608 1621 3659 quarum
1644 3595 1669 3644 in
1687 3594 1793 3645 historia

1015 3696 1145 3748 scribenda
1167 3696 1230 3746 ratio
1248 3695 1368 3744 habeatur
1391 3693 1431 3741 bn
1453 3690 1528 3743 tuisse
1555 3691 1696 3743 truduntur.
1731 3694 1791 3743 Cum

1016 3801 1125 3865 undique
1154 3799 1239 3848 multos
1270 3800 1355 3860 gentes
1380 3796 1405 3844 ot
1431 3805 1526 3856 magnae
1548 3797 1575 3842 et
1593 3791 1715 3842 bellicosae
1737 3791 1791 3841 urbi

1018 3896 1128 3946 tinitimoe
1154 3897 1252 3953 essent,
1278 3904 1382 3956 quarum
1404 3890 1470 3941 nulla
1489 3889 1604 3941 Romards
1623 3888 1702 3938 amica
1722 3890 1789 3947 erat,

1016 3991 1062 4042 bas
1081 4004 1124 4056 per
1142 3988 1263 4039 connubia
1278 3986 1408 4036 conciliare
1426 3985 1524 4045 volens,
1545 3984 1590 4047 qui
1614 3996 1668 4033 mos
1691 3986 1789 4031 τοιιίιο·

1017 4090 1103 4141 hendo
1133 4087 1247 4139 amicitie
1274 4099 1288 4135 a
1311 4085 1398 4149 priscis
1421 4083 1576 4134 firmissimus
1604 4078 1754 4136 habebatur,
1767 4082 1792 4129 ct

1017 4187 1158 4251 intellegens
1172 4199 1214 4236 eus
1232 4184 1346 4234 civitates
1368 4194 1493 4245 nunquam
1508 4181 1574 4231 ultro
1597 4192 1681 4230 seeum
1707 4177 1791 4227 amici-

1018 4287 1076 4337 tiam
1088 4286 1208 4343 initurus,
1222 4285 1307 4345 utpote
1320 4295 1376 4330 oum
1389 4278 1460 4330 noris
1472 4279 1580 4338 colonis,
1593 4276 1726 4340 quinoque
1738 4273 1791 4337 opi·

1017 4387 1064 4436 bus
1075 4385 1198 4442 valerent,
1211 4393 1289 4440 neque
1303 4379 1379 4430 ullum
1389 4376 1532 4441 praeclarum
1542 4376 1637 4426 lacinus
1648 4373 1793 4433 edidissent,

1019 4483 1062 4533 sed
1074 4481 1098 4531 vi
1113 4481 1210 4531 demum
1222 4483 1321 4527 coactas
1334 4488 1456 4538 cessuras,
1472 4474 1611 4538 proesertirn
1622 4473 1644 4523 si
1655 4472 1687 4523 ab
1700 4473 1753 4536 ipsa
1769 4469 1794 4519 ri

1018 4580 1143 4631 inserenda
1156 4577 1234 4627 olituis
1247 4574 1394 4625 contumelia
1408 4573 1521 4632 abesset,
1534 4569 1651 4631 decrevit,
1667 4570 1794 4620 Numitore

1018 4693 1065 4730 ano
1085 4675 1217 4742 probante,
1235 4670 1369 4733 uirginibus
1386 4668 1557 4733 frequentibus
1578 4667 1654 4731 raptis
1674 4664 1793 4716 connubia

1020 4777 1107 4827 lacere.
1141 4777 1202 4832 Quae
1220 4783 1276 4820 cum
1291 4767 1430 4828 statuisset,
1447 4764 1621 4830 primum‘deo
1636 4763 1793 4812 consiliorum

1020 4872 1174 4925 occultorum
1192 4865 1304 4931 presidi,
1320 4863 1341 4914 si
1353 4878 1382 4914 er
1402 4864 1477 4914 animi
1489 4861 1611 4912 sententia
1631 4860 1671 4911 ille
1691 4860 1794 4908 conatus

1020 4971 1067 5022 sibi
1079 4967 1252 5025 successisset,
1269 4963 1353 5022 vonit,
1366 4976 1392 5013 se
1409 4960 1539 5023 quotannis
1553 4957 1699 5007 sacritioium
1712 4956 1794 5004 lactu·

1019 5081 1074 5118 rum
1092 5070 1117 5116 el
1134 5063 1206 5114 terias
1217 5059 1400 5111 celebraturum
1415 5076 1422 5106 ι
1437 5055 1524 5107 duodo
1537 5069 1564 5106 re
1580 5053 1613 5104 ed
1624 5056 1736 5103 senatum
1758 5063 1796 5100 ro-

1019 5166 1082 5226 tata,
1098 5177 1153 5214 cum
1168 5165 1250 5226 patres
1260 5169 1360 5221 quoqne
1372 5155 1399 5207 id
1412 5152 1541 5205 consilium
1556 5152 1712 5217 probassent,
1728 5148 1794 5200 diem
