3772 5828
122 414 125 419 γ
197 348 237 407 76
554 344 556 351 ’
725 341 890 404 bloitltsh
912 346 1288 410 HALICARNASSENSIS

195 480 282 544 αὐτοῖς
298 468 383 549 ἦσαν,
403 478 454 535 είτε
476 476 520 535 δεδι
544 482 591 548 την
617 475 769 556 ἐπεροίνειαν
794 481 839 535 τοῦ
862 475 966 552 γένους,

195 569 247 627 εἴτε
263 567 305 625 διδι
329 567 415 624 πάντα
436 571 532 638 ταῦτα,
557 568 586 624 ἐκ
606 570 652 635 τῆς
667 564 807 634 Ἀθηναίων
827 565 969 640 πολιτείας,

197 743 369 820 διαμενούσης
393 741 422 800 τὸ
447 740 617 822 παράδειγμα
643 740 742 802 λαθών.
785 741 895 800 Ἐκεῖνοι
921 742 969 819 μέν

154 853 167 890 s
197 831 247 911 γάρ
261 834 295 898 είς
310 831 355 889 δύο
374 831 440 909 μέρη
465 828 600 905 νείμαντες
618 829 647 886 τὸ
670 831 781 901 πλῆθος,
804 831 969 907 Εὐπατρίδας

198 917 247 998 μέν
262 920 369 977 ἐκάλουν
385 916 443 983 τοὺς
463 919 492 974 ἐκ
508 920 559 974 τῶν
578 919 711 996 ἐπιφανῶν
732 915 809 976 οἴκων
833 916 879 975 κοιλ
900 917 969 996 χρή-

198 1030 263 1084 μασι
286 1005 421 1075 δυνατούς,
442 994 478 1069 οἷς
500 1009 516 1074 ἡ
535 1009 581 1074 τῆς
596 1006 694 1070 πόλεως
711 1006 827 1064 ἀνέκειτο
853 1027 969 1082 προστα-

197 1096 253 1154 σία·
269 1095 413 1172 ’ἀγροίκους
429 1091 456 1150 δέ
472 1091 531 1160 τούς
546 1091 641 1158 ἄλλους
662 1094 787 1162 πολίτας,
804 1091 829 1151 οἳ
846 1096 898 1150 τῶν
913 1115 969 1150 κοι-

196 1189 246 1243 νῶν
272 1183 370 1248 οὐδενὸς
389 1173 455 1252 ἦσαν
472 1182 568 1259 κύριοι·
592 1179 638 1239 σὺν
664 1181 750 1260 χρόνῳ
776 1181 803 1238 δέ
825 1180 870 1239 καὶ
898 1171 969 1240 οὗτοι

143 1290 169 1330 to
196 1272 414 1353 προσελήφθησαν
434 1267 477 1326 ε’πί
493 1267 539 1334 sle
554 1269 648 1348 ἀρχοίς.
690 1272 726 1328 Oi
750 1268 797 1342 μέν
814 1269 846 1341 δὴ
862 1268 895 1326 τά
924 1291 970 1325 πι-

195 1360 332 1420 θανώτατα
347 1360 406 1436 περὶ
425 1360 471 1425 τῆς
490 1355 631 1431 Ῥωμαίων
657 1356 789 1423 πολιτείας
809 1357 971 1434 ἱστοροῦντες

196 1447 240 1506 δεδι
254 1446 349 1510 τούτοις
372 1444 417 1509 τὰς
440 1442 524 1509 αἰτίας
552 1443 680 1517 κληθῆναί
702 1466 766 1524 ρασι
796 1443 853 1509 τοὺς
875 1442 970 1521 ἄνδρας

196 1534 305 1599 ἐκείνους
334 1533 466 1611 πατέρας,
483 1531 528 1588 καί
546 1531 604 1594 τοὺς
633 1533 752 1610 ἐκγόνους
768 1533 852 1591 αὐτῶν
872 1555 969 1611 πατρι-

196 1618 277 1687 κίους·
303 1622 326 1677 ol
349 1620 375 1677 δέ
393 1617 456 1697 πρὸς
478 1618 520 1676 τὸν
544 1618 609 1677 ίδιον
632 1619 722 1695 ρθόνον
750 1620 921 1699 ἀναφέροντες
939 1620 969 1678 τὸ

143 1731 167 1768 ts
196 1716 307 1786 πρᾶγμα
328 1706 373 1765 καί
394 1706 578 1773 διαόάλλοντες
592 1709 628 1772 είς
649 1708 798 1784 δυσγένειαν
815 1708 863 1777 τὴν
881 1707 968 1783 πόλιν,

196 1799 225 1855 ού
241 1796 283 1854 διὰ
304 1801 386 1853 ταῦτα
413 1818 468 1852 πατ
486 1794 565 1860 ικίους
591 1793 702 1861 ἐκείνους
733 1796 862 1867 κληθῆναί
887 1817 966 1875 ρασι,

150 1887 153 1892 ’
197 1883 255 1942 ἀλλ’
268 1882 307 1942 ότι
332 1882 447 1961 πατέρας
462 1817 533 1961 ἀχον
558 1881 693 1951 ἀποδεῖξαι
713 1883 804 1961 μόνοι,
821 1887 856 1949 ὡς
877 1887 930 1942 τῶν
944 1885 968 1956 γ’

198 1973 285 2031 ἄλλοιν
305 1973 439 2051 δραπετῶν
463 1971 542 2029 όντων
562 1970 607 2029 καὶ
629 1972 675 2031 οὐκ
700 1971 813 2052 ἐχόντων
840 1972 968 2048 ὀνομάσαι

196 2061 312 2140 πατέρας
341 2060 494 2136 ἐλευθέρους.
543 2059 693 2138 Τεκμήριον
719 2059 746 2118 δέ
773 2061 864 2118 τούτου
886 2061 968 2141 παρέ·

141 2179 168 2218 20
196 2172 304 2229 χουσιν,
325 2146 365 2206 δτι
388 2147 444 2212 τοὺς
460 2148 506 2221 μὲν
527 2147 692 2226 πατρικίους,
710 2147 787 2206 ὁπότε
814 2147 893 2214 δόξειε
917 2157 970 2214 τοῖς

199 2237 334 2317 βασιλεῦσι
351 2236 499 2311 συγκαλεῖν,
517 2237 540 2293 οί
557 2235 666 2312 κήρυκες
693 2233 718 2301 ἐξ
739 2234 864 2309 ὀνόματός
877 2257 904 2292 τε
924 2237 969 2293 καί

197 2322 325 2402 πατρόθεν
342 2321 512 2401 ἀνηγόρευον·
537 2321 595 2389 τοὺς
616 2324 642 2380 δὲ
667 2320 821 2397 δημοτικοὺς
842 2321 969 2401 ὑπηρέται

198 2409 265 2476 τινὲς
285 2410 392 2489 ἀθρόους
411 2410 502 2489 κέρασι
520 2411 611 2489 βοείοις
634 2408 831 2485 ἐμόυκανῶντες
856 2410 899 2469 ἐπί
923 2411 969 2477 τδς

198 2496 338 2567 ἐκκλησίας
357 2500 479 2576 συνῆγον.
522 2495 602 2557 Ἐστι
623 2498 646 2555 δ’
670 2495 757 2568 οὔθ’ίγ
778 2501 828 2556 τῶν
847 2498 968 2578 κηρύκων

142 2606 170 2644 25
197 2584 338 2655 ἀνάκλησις
365 2587 411 2655 τῆς
432 2585 546 2663 εὐγενίας
567 2589 616 2644 τῶν
640 2584 785 2664 πατρικίων
813 2586 968 2666 τεκμήριον,

197 2671 252 2732 οὗθ’
266 2677 282 2744 ἡ
298 2676 344 2743 τῆς
362 2671 473 2751 βυκοίνης
496 2671 567 2753 ρωνὴ
589 2675 635 2744 τῆς
661 2672 791 2751 ἀγνωσίας
814 2678 867 2733 τῶν
888 2675 968 2749 δημο-

199 2763 278 2819 τικῶν
307 2758 457 2836 σύμόολον,
474 2761 533 2818 ἀλλ’
556 2757 641 2832 ἐκείνη
665 2757 713 2836 μὲν
738 2765 833 2839 τιμῆς,
858 2761 925 2830 αὕτη
940 2761 968 2818 δέ

196 2850 301 2930 τοίχους.
344 2849 385 2908 ot
406 2846 456 2926 γδρ
477 2837 556 2906 οἷόντ’
566 2838 597 2919 ἦν
614 2850 640 2905 ἐν
654 2846 735 2928 ὀλίγῳ
744 2847 830 2928 χρόνῳ
842 2845 889 2918 τὴν
901 2849 969 2920 πλη-

197 2937 242 2998 θίιν
261 2937 351 2996 καλεῖν
382 2935 408 3004 ἐξ
433 2937 567 3011 ὀνόματος.

142 3044 170 3083 se
239 3026 289 3086 lX.
309 3023 344 3082 ‘0
360 3020 388 3081 δέ
403 3020 540 3098 Ῥωμύλος
550 3021 639 3092 ἐπειδὴ
655 3023 762 3101 διέκρινε
772 3022 831 3087 τοὺς
840 3021 969 3097 κρείττους

199 3112 252 3173 ἀπὸ
265 3116 316 3169 τῶν
328 3111 457 3179 ἡττόνων,
473 3110 618 3181 ἐνομοθέτει
632 3107 699 3186 μετδι
712 3115 789 3168 τοῦτο
803 3111 848 3167 καὶ
866 3109 968 3166 διέτατ-

199 3226 242 3263 τεν
267 3200 283 3257 h
306 3200 358 3280 χρὴ
381 3197 503 3278 πράττειν
524 3195 675 3275 ἑκατέρους·
694 3195 752 3264 τοδς
775 3195 822 3274 μέν
845 3194 970 3273 εὐπατρί-

199 3293 245 3358 δας
263 3288 381 3369 ίερᾶσθαί
408 3310 436 3345 τε
463 3286 508 3344 καί
534 3285 623 3364 ἄρχειν
650 3285 695 3343 καί
717 3284 827 3354 δικάζειν
844 3282 889 3343 καί
912 3286 969 3358 μεθ’

199 3382 291 3438 ἐαυτοῦ
305 3373 338 3433 zi
352 3376 425 3434 κοινὰ
438 3373 573 3452 πράττειν,
589 3369 634 3432 ἐπί
648 3375 699 3430 τῶν
712 3371 782 3432 κατὰ
791 3371 864 3430 πόλιν
887 3368 969 3452 ἔργων

145 3484 171 3523 es
200 3467 337 3541 μένοντας·
348 3463 406 3528 τοὺς
421 3461 448 3520 δέ
464 3459 616 3536 δημοτικοὺς
626 3461 721 3519 τούτων
731 3460 778 3537 μέν
794 3459 969 3518 ἀπολελύσθαι

199 3556 249 3612 τῶν
265 3554 464 3630 πραγματειῶν,
487 3548 607 3628 ἀπείρους
625 3551 650 3608 τ’
675 3550 759 3606 αὐτῶν
783 3547 857 3613 ὄντας
876 3546 921 3605 καὶ
935 3547 969 3606 δι’

200 3638 310 3718 ἀπορίαν
336 3639 480 3717 χρημάτων
499 3637 636 3716 ἀσχόλους,
649 3645 772 3716 γεωργεῖν
792 3638 818 3695 δὲ
838 3636 882 3694 καί
906 3659 969 3708 terq-

200 3725 330 3803 νοτρορεῖν
349 3727 393 3784 καὶ
402 3724 449 3792 τδς
463 3723 676 3804 χρηματοποιοὺς
690 3725 843 3802 ἐργάζεσθαι
860 3724 967 3802 τέχνας,

199 3807 291 3888 ἵναμὴ
306 3813 490 3880 στασιάζωσιν,
505 3809 594 3891 ὥσπερ
607 3814 632 3870 ἐν
652 3815 707 3877 ταῖς
721 3812 812 3876 ἄλλαις
822 3807 968 3882 πόλεσιν,ἢ

146 3918 173 3956 ιο
200 3903 252 3956 τῶν
267 3901 293 3956 ἐν
307 3899 377 3957 τέλει
390 3899 635 3978 προπηλακιζόντων
653 3897 710 3964 τοὺς
726 3896 901 3968 ταπεινοὺς,ἢ
917 3903 968 3956 τῶν

201 3985 306 4066 φαύλων
317 3986 361 4043 καί
370 3986 473 4064 ἀπόρων
485 3990 538 4051 τοῖς
547 3988 573 4043 ἐν
584 3993 639 4052 ταῖς
652 3990 792 4062 ὑπεροχαῖς
798 3982 968 4061 φθονούντων.

203 4074 433 4151 Παρακαταθήκας
457 4074 481 4130 δ’
502 4072 582 4131 ἔδωκε
602 4076 654 4139 τοῖς
677 4071 821 4150 πατρικίοις
844 4069 901 4138 τοὺς
919 4073 971 4144 δη-

203 4157 339 4236 μοτικοὺς,
357 4159 497 4240 ἐπιτρίψας
523 4160 625 4238 ἐκάστῳ
647 4162 699 4218 τῶν
732 4163 761 4218 ἐκ
790 4162 834 4217 τοῦ
858 4157 971 4227 πλήθους

203 4247 231 4307 δν
252 4247 327 4312 ειύτὸς
351 4247 470 4305 ἐύούλετυ
490 4248 575 4319 νέμειν
598 4247 770 4327 προστοίέηνζ
787 4245 842 4314 ἔθος
872 4244 972 4315 Ἐλλη-

149 4354 175 4394 es
204 4335 275 4394 νικδν
295 4335 338 4390 καὶ
369 4338 494 4411 ἀρχαῖον,
520 4325 542 4415 ᾧ
566 4334 698 4396 Θετταλοί
720 4357 748 4392 τε
775 4334 853 4413 μέχρι
874 4334 972 4392 πολλοῦ

204 4427 336 4501 χρώμενοι
351 4421 498 4480 διετέλεσαν
513 4423 558 4481 καί
572 4422 700 4493 Ἀθηναῖοι
714 4420 863 4500 καταρχδις,
884 4419 928 4479 ἐπὶ
939 4419 973 4478 τδι

204 4509 316 4588 κρείττω
350 4506 451 4568 λαθών.
508 4508 621 4568 Ἐκεῖνοι
647 4509 695 4587 μέν
718 4507 768 4588 γδιρ
794 4509 972 4586 ὑπεροπτικῶς

206 4598 321 4679 ἐχρῶντο
351 4599 404 4663 τοῖς
433 4596 571 4670 πελάταις,
591 4595 656 4676 ἔργα
687 4597 711 4653 τ’
736 4594 914 4661 ἐπιτάττοντες
941 4596 971 4652 ού

204 4683 360 4766 προσήκοντ’
383 4682 539 4764 ἐλευθέροις,
562 4685 607 4742 καί
631 4682 708 4742 ὁπότε
733 4683 770 4758 μὴ
797 4681 922 4763 πράξειέν
945 4705 972 4740 τι

150 4791 176 4830 ευ
203 4778 254 4834 τῶν
285 4774 461 4849 κελευομένων
490 4771 593 4849 πληγδις
632 4770 783 4838 ἐντείνοντες
821 4769 865 4829 καὶ
894 4760 971 4829 τᾶλλ’

204 4861 292 4940 ὥσπερ
317 4860 509 4942 ἀργυρωνήτοις
533 4859 745 4940 παραχρώμενοι.
787 4857 916 4918 Ἐκάλουν
944 4856 971 4915 δέ

203 4948 339 5021 Ἀθηναῖοι
373 4949 420 5026 μέν
446 4951 525 5019 θῆτας
555 4945 612 5012 τοὺς
638 4947 753 5013 πελοίτας
784 4946 827 5004 ἐπὶ
846 4949 892 5017 τῆς
919 4945 971 5002 λα-

203 5038 301 5112 τρείας.
326 5037 456 5097 Θετταλοὶ
483 5034 511 5094 δὲ
534 5033 673 5112 πενέστας,
702 5033 864 5101 ὀνειδίζοντες
887 5034 972 5096 αὐτοῖς

205 5119 277 5184 εὐθὺς
300 5124 326 5178 ἐν
349 5128 381 5196 τῇ
404 5122 495 5195 κλείσει
518 5123 565 5193 τὴν
591 5121 685 5200 τύχην.
729 5119 763 5182 ‘0
784 5121 811 5180 δέ
835 5118 971 5185 Ῥωαύλος
997 5169 1000 5177 ,

1024 484 1077 536 brec
1092 489 1174 538 omnis
1188 506 1194 537 ι
1208 490 1326 553 exemplo,
1338 494 1365 541 ut
1383 492 1484 555 conicio,
1507 493 1538 542 ob
1556 495 1739 548 Atheniensium
1754 511 1794 548 rc-

1024 593 1121 658 publica
1140 600 1246 660 sumpto,
1265 610 1321 660 quse
1336 597 1378 649 illo
1392 603 1500 663 tempore
1516 601 1596 650 αιΙΙιιιο
1609 603 1721 655 llorebat.
1759 606 1797 658 llli

1024 694 1089 743 enim
1099 695 1369 748 multitudinebiiarism
1377 699 1512 761 (livienses
1521 702 1564 765 qui
1573 702 1695 755 exillustri
1705 706 1795 756 tamilla

1024 805 1093 851 mant
1109 806 1134 852 et
1153 805 1240 876 opibus
1254 806 1380 867 velebant,
1401 809 1539 872 εὐπατρίδας
1551 813 1705 875 (ματαίοισι)
1720 826 1795 864 voca·

1025 903 1092 967 bant,
1101 918 1174 969 penes
1182 913 1303 970 quoserst
1312 911 1452 974 reipublice
1461 912 1604 975 gubernatio
1617 918 1727 964 :ceteros
1735 929 1794 965 vero

1024 1005 1091 1055 cives
1100 1006 1222 1070 ἀγροίκους
1228 1009 1354 1071 (canticos)
1363 1009 1523 1073 appellabant,
1533 1012 1577 1075 qui
1587 1013 1681 1063 nultum
1691 1014 1715 1063 in
1726 1028 1796 1080 repu-

1024 1111 1088 1164 blica
1102 1114 1245 1177 sementum
1264 1115 1394 1168 habebunt.
1428 1119 1475 1168 Seri
1487 1133 1617 1183 progressu
1633 1121 1749 1184 temporis
1769 1122 1796 1173 hi

1023 1226 1120 1278 quoqne
1142 1215 1174 1266 ad
1184 1215 1290 1268 honores
1301 1219 1431 1283 capiendos
1440 1220 1542 1270 admissi
1554 1226 1620 1272 sunt.
1653 1223 1744 1285 Optimi
1756 1224 1795 1288 igi·

1023 1319 1065 1366 tnr
1077 1322 1103 1369 et
1122 1318 1251 1369 certissimi
1261 1320 1292 1368 dc
1305 1321 1428 1384 republica
1440 1324 1549 1372 Romana
1558 1327 1669 1374 auctores
1678 1323 1711 1374 ob
1721 1325 1795 1378 hasce

1024 1431 1111 1469 εεοεαε
1120 1420 1188 1469 siunt
1199 1421 1266 1470 viros
1280 1421 1334 1471 illos
1344 1423 1428 1473 Patres
1439 1427 1540 1474 vocatos
1548 1437 1602 1475 esse
1615 1428 1640 1475 et
1657 1427 1793 1490 progeniem

1023 1533 1108 1570 eornm
1125 1522 1241 1573 patricios
1264 1524 1327 1586 :qni
1339 1537 1399 1573 vero
1409 1525 1505 1587 privata
1524 1524 1615 1576 invidia
1633 1526 1731 1590 impulsi
1744 1527 1792 1577 hae

1023 1619 1055 1672 de
1068 1635 1094 1672 rc
1114 1622 1247 1686 loquuntur
1262 1627 1288 1674 et
1308 1626 1402 1689 generis
1424 1625 1600 1678 obscuritatem
1626 1628 1718 1678 civitati
1734 1629 1795 1680 lolso

1023 1725 1140 1786 obiciunt.
1152 1740 1200 1778 non
1227 1733 1354 1792 propterca
1366 1730 1483 1781 patricios
1496 1731 1551 1781 illos
1564 1733 1697 1797 appellatos
1716 1735 1794 1796 siunt,

1023 1826 1067 1876 sed
1082 1828 1149 1890 quod
1166 1828 1211 1878 soli
1229 1830 1321 1891 petrem
1340 1831 1405 1879 ciere
1419 1833 1533 1892 possent3
1554 1833 1624 1894 qnasi
1643 1834 1731 1896 reliqui
1744 1833 1794 1884 lue

1022 1927 1071 1974 rint
1082 1925 1191 1986 fugitivi,
1204 1939 1283 1989 neque
1294 1930 1375 1990 patres
1389 1929 1508 1991 ingenuos
1521 1932 1651 1982 ostendere
1662 1934 1792 1996 potuerint.

1023 2027 1101 2087 Atque
1110 2025 1141 2074 ad
1154 2024 1228 2074 huius
1242 2025 1277 2074 rei
1295 2024 1367 2075 fldem
1387 2024 1435 2077 hoc
1445 2031 1589 2091 argumento
1600 2035 1711 2091 utuntur,
1728 2032 1794 2094 qnod

1023 2123 1178 2188 patriciomm
1194 2136 1399 2187 unumquemque,
1411 2125 1509 2187 quoties
1526 2125 1626 2190 regibus
1642 2141 1684 2177 eos
1702 2143 1795 2178 convo.

1023 2238 1079 2275 care
1103 2224 1181 2274 risum
1205 2228 1284 2282 esset,
1297 2238 1421 2288 precones
1440 2225 1471 2275 ele
1490 2238 1535 2276 sno
1554 2239 1583 2275 ac
1607 2227 1683 2290 petris
1697 2228 1794 2281 nominc

1023 2326 1192 2392 appellassent.
1216 2323 1324 2388 plebeios
1342 2339 1401 2376 vero
1422 2326 1549 2376 universos
1567 2326 1672 2378 ministri
1693 2327 1793 2391 qondam

1023 2428 1138 2479 cornibus
1160 2427 1257 2481 bubulis
1279 2428 1434 2478 concinentes
1455 2425 1488 2476 ad
1505 2425 1644 2478 concionem
1664 2440 1794 2478 convoces·

1023 2528 1086 2576 sent.
1118 2526 1165 2576 scel
1178 2540 1256 2589 neque
1267 2526 1309 2575 ills
1322 2538 1365 2589 per
1380 2538 1517 2589 preconem
1538 2526 1649 2576 evocatio
1661 2526 1795 2580 nobilitatis

1023 2627 1178 2690 patriciorum
1194 2630 1233 2677 est
1248 2629 1426 2691 argumentum,
1444 2639 1522 2690 neque
1531 2627 1605 2677 eliam
1620 2627 1731 2679 buccinas
1745 2644 1794 2680 uox

1022 2722 1179 2786 ignobilitatis
1198 2723 1346 2787 plebeiorum
1362 2723 1478 2774 indicium
1496 2728 1535 2775 est
1552 2725 1614 2776 :sed
1625 2725 1793 2791 illudqnidem

1023 2824 1129 2886 honoris,
1148 2825 1195 2874 hoc
1220 2839 1280 2875 vero
1302 2825 1435 2876 celeritatis
1458 2829 1504 2877 est.
1537 2830 1622 2890 Neque
1642 2829 1705 2878 enim
1725 2829 1794 2879 brevi

1023 2926 1137 2991 temporis
1147 2926 1227 2990 spatio
1240 2931 1292 2976 tota
1304 2927 1373 2990 plebs
1383 2927 1524 3006 nominatim
1538 2931 1668 2979 convocari
1686 2934 1792 2992 poteret.

1053 3033 1094 3080 lx.
1112 3031 1228 3080 Romulus
1244 3043 1325 3094 porro,
1339 3034 1469 3095 postquam
1484 3035 1589 3084 secrevit
1599 3036 1704 3098 potiores
1719 3041 1792 3086 ane·

1023 3130 1164 3190 lenioribus,
1177 3130 1274 3194 legibus
1290 3131 1350 3194 quid
1371 3132 1482 3196 utrisque
1496 3133 1635 3184 iacientium
1649 3141 1714 3186 esset
1729 3150 1793 3200 ρεα-

1023 3234 1121 3297 scripsit
1144 3254 1150 3283 ι
1174 3238 1203 3282 nt
1225 3233 1322 3296 patricii
1348 3247 1418 3284 sacre
1439 3240 1569 3298 curarent,
1589 3241 1614 3287 et
1638 3240 1794 3300 magistratus

1023 3338 1141 3398 gererent,
1160 3338 1183 3383 et
1197 3333 1236 3384 ius
1250 3334 1371 3395 dicerent,
1383 3339 1409 3384 et
1423 3348 1480 3384 cnm
1501 3335 1554 3399 ipso
1568 3337 1740 3401 rempublicam
1753 3338 1795 3386 ao.

1023 3433 1196 3493 ministrarent,
1207 3437 1231 3482 et
1243 3433 1335 3484 urbana
1351 3448 1450 3486 munere
1467 3437 1563 3487 assidue
1582 3438 1676 3488 obirent
1693 3457 1699 3488 ε
1715 3437 1794 3501 plebei

1025 3548 1083 3586 roro
1099 3535 1187 3586 horum
1204 3535 1301 3597 quidem
1318 3538 1469 3601 negotiomm
1483 3544 1564 3589 essent
1580 3539 1710 3602 immunes,
1728 3541 1794 3603 quntl

1023 3649 1108 3688 eorum
1121 3635 1227 3702 imperiti
1248 3642 1329 3688 esent
1343 3641 1369 3688 el
1378 3637 1411 3689 ob
1425 3652 1508 3688 rernm
1521 3639 1626 3701 inopiam
1641 3641 1688 3690 illis
1704 3654 1794 3691 vacare

1023 3751 1072 3789 non
1084 3740 1194 3802 possent,
1208 3752 1280 3802 apros
1304 3752 1363 3789 vero
1375 3739 1492 3798 colerent,
1509 3752 1583 3801 pecus
1600 3738 1702 3798 alerent,
1719 3745 1745 3790 et
1758 3756 1794 3791 ar·

1024 3841 1061 3890 tes
1081 3844 1235 3902 questuosns
1262 3841 1415 3895 exercerent.
1447 3851 1478 3887 ne
1507 3837 1639 3887 seditiones
1662 3840 1792 3899 orirentur,

1024 3941 1089 3991 sicut
1109 3941 1134 3990 in
1148 3941 1202 3991 aliis
1213 3940 1363 4001 civitatibus,
1383 3940 1501 3989 humant
1519 3938 1660 3990 humiliores
1679 3955 1693 3989 a
1712 3945 1794 4003 poten-

1024 4040 1128 4092 tioribus
1144 4044 1341 4100 contemnuntur,
1362 4043 1405 4089 sut
1419 4039 1479 4090 viles
1492 4043 1517 4090 ct
1534 4040 1603 4102 egeni
1620 4042 1795 4092 excelsioribus

1024 4135 1142 4188 inrident.
1175 4135 1287 4187 Patriciis
1306 4139 1387 4186 sutem
1411 4134 1518 4199 plebeios
1531 4136 1720 4196 commendarit.
1740 4137 1794 4187 uni-

1025 4239 1113 4302 cuique
1125 4237 1155 4288 dc
1168 4237 1238 4302 plebe
1252 4236 1331 4286 libem
1342 4237 1440 4302 optione
1458 4237 1525 4297 data,
1538 4240 1566 4286 ut
1577 4236 1623 4286 sibi
1635 4250 1706 4299 quem
1721 4234 1795 4285 vellet

1023 4337 1154 4399 patronum
1166 4333 1282 4396 eligeret:
1295 4347 1369 4396 quem
1380 4346 1473 4384 morem
1484 4333 1598 4383 Grmcum
1610 4331 1636 4378 et
1648 4329 1774 4393 antiquum
1786 4366 1792 4386 ‚

1025 4448 1074 4498 qno
1090 4435 1134 4486 diu
1151 4433 1259 4485 'thessali
1283 4436 1308 4482 et
1325 4431 1400 4497 prisci
1427 4431 1585 4481 Athenienses
1608 4430 1646 4479 usi
1674 4430 1743 4485 sunt.
1769 4426 1795 4475 in

1025 4530 1112 4582 melius
1123 4529 1252 4580 convertit.
1285 4528 1324 4578 illi
1340 4528 1405 4578 enim
1420 4527 1530 4591 ¹superbe
1551 4524 1677 4576 clientibus
1696 4525 1795 4574 uteban-

1025 4636 1067 4684 tur
1096 4645 1132 4682 ns
1153 4633 1301 4694 imperantes
1322 4642 1408 4693 opere,
1431 4631 1554 4692 εἀοενιειοε
1573 4627 1683 4677 Ιιοιιιὶιιοο
1708 4639 1793 4690 parum

1026 4727 1155 4789 decentia,
1166 4727 1223 4777 etsi
1238 4725 1337 4791 (ςιιιιοθο
1348 4726 1466 4789 imperata
1483 4738 1530 4775 non
1548 4725 1669 4784 iecissent,
1692 4724 1793 4773 verbera

1026 4826 1169 4891 infligentes,
1190 4826 1215 4874 et
1226 4827 1308 4874 cetera
1329 4822 1458 4873 abutentes
1477 4822 1523 4871 illis
1534 4824 1649 4883 unquam
1663 4820 1793 4884 empticiis.

1026 4921 1184 4973 Athenienses
1205 4923 1288 4969 antem
1309 4919 1354 4969 bos
1377 4918 1478 4969 clientes
1496 4918 1528 4968 ob
1555 4917 1698 4967 servitutem
1725 4920 1795 4975 θῆτας

1025 5024 1191 5090 appellebant,
1206 5020 1316 5072 Thessali
1335 5034 1394 5071 vero
1405 5020 1529 5079 πενέστας,
1544 5020 1597 5082 ipso
1616 5016 1734 5067 uocabulo
1746 5017 1794 5065 tor·

1027 5130 1112 5176 tunam
1132 5124 1178 5175 illis
1198 5123 1381 5188 exprobrantes.
1415 5122 1446 5172 At
1470 5119 1588 5170 Romulus
1613 5119 1701 5169 deeora
1722 5119 1794 5168 citam
