3772 5828
165 332 226 394 582

162 488 192 525 τε
207 464 302 523 ύπατοι
318 462 396 534 καὶὴ
419 462 519 541 βουλή,
542 463 588 521 καί
603 464 655 521 τῶν
668 465 755 523 σίλλων
778 466 895 525 πολιτῶν
917 467 941 525 οἱ

162 556 287 612 πλεῖστον
305 554 332 611 ἐν
354 555 386 630 τῇ
406 551 482 609 πόλει
499 550 656 628 δυνάμεναι·
672 554 767 631 βουλαί
792 575 820 611 τι
843 553 941 612 πολλαί

162 643 209 700 καὶ
224 639 364 711 ἐκκλησίαι
389 639 508 718 συνεχεῖς
523 638 637 718 ἰγίνοντο
653 638 743 719 πεῖραί
764 663 792 699 τε
815 649 941 701 παντοῖαι

163 740 220 797 ταῖς
232 733 325 810 ἀρχαῖς
341 729 402 788 κατ’
419 728 559 802 ἀλλήλων,
576 727 601 797 ii
612 719 648 787 ὧν
662 730 709 788 οὑκ
728 728 824 801 ἄδηλον
841 729 940 790 άπασιν

124 836 136 872 ι
163 810 195 891 ἦν
210 817 251 879 ότι
267 818 372 898 μεγάλη
387 841 424 885 τις
440 818 484 875 καλ
500 816 643 889 ἀνήκεστος
664 816 689 886 i}
714 817 814 890 ἰκείνης
832 823 880 892 τῆς
898 843 941 902 ρι·

163 905 293 976 λονιικίας
309 905 489 977 ἀναστήσεται
500 909 532 984 τῇ
544 904 620 963 πολει
633 905 768 985 συμρορά.
788 908 942 979 Συνήπτετο

684 330 852 395 λλίΟλὙὸλί
875 333 1256 398 Halicarnassaasls

998 472 1131 538 ρΙυτῖιυιιιῐι
1150 474 1287 526 incivitate
1309 475 1425 539 poterant
1439 511 1447 536 ,
1459 473 1594 539 quibusvis
1619 460 1723 526 artibus
1737 490 1793 542 per·

998 567 1073 629 petuo
1085 563 1263 616 obnitebantur
1278 583 1284 615 :
1301 566 1328 615 et
1338 563 1425 615 crebro
1440 567 1543 615 εοσιιυε
1557 568 1680 625 coactus,
1696 565 1792 617 erebro

998 650 1072 701 etiam
1084 652 1216 702 conciones
1225 649 1326 710 babitu.
1335 655 1363 702 et
1381 651 1511 715 υίτῖυεησε
1521 649 1640 702 ircim
1650 652 1790 715 magistra-

999 738 1042 786 tns
1054 735 1113 787 nibil
1127 735 1159 788 dc
1179 749 1278 788 summo
1291 741 1382 788 conatu
1393 737 1563 788 remittebant.
1610 738 1682 790 llade
1699 741 1787 804 quiris

998 825 1127 875 manifeste
1146 824 1233 876 ridere
1246 829 1353 890 poterat,
1378 838 1493 889 magnam
1508 824 1625 890 aliquam
1636 830 1663 879 et
1683 827 1786 878 incura-

999 914 1073 966 bilem
1086 914 1254 966 catarnItstem
1264 927 1296 965 ex
1307 913 1350 965 llia
1366 927 1454 978 magua
1466 915 1627 966 contendone
1640 914 1667 966 in
1682 929 1786 981 rempu-

165 996 192 1054 δὲ
206 1005 259 1063 τοῖς
276 996 446 1076 ἀνθρωπίνου
469 995 606 1071 leprosi<
630 994 676 1050 καὶ
695 991 728 1050 τί
748 994 804 1051 θεῖα
829 995 942 1074 δείματα
993 1009 1083 1060 alicam
1098 1009 1300 1060 mundaturum.
1334 1002 1372 1056 nd
1387 1003 1507 1053 nuouass
1520 1003 1609 1051 autom
1621 1000 1780 1051 ωωεοιατω
1842 1069 1845 1079 1

164 1086 376 1164 προσγενόμενα,
402 1074 439 1142 ῶν
464 1083 519 1141 ένια
535 1080 591 1141 οὔτ’
612 1083 639 1140 ἰν
656 1082 795 1159 δημοσίαις
810 1085 942 1161 εὑρίσκετο

163 1178 287 1253 γραραῖς,
303 1177 363 1232 οὔτε
377 1175 437 1230 κατ’
455 1171 538 1242 ἀλλην
552 1169 737 1249 φυλαττόμενα
750 1169 857 1248 μνήμην
867 1173 941 1232 οῦδε-

112 1278 138 1317 ιυ
165 1261 240 1338 μίαν.
260 1258 336 1323 Ὅσα
352 1260 399 1336 μέν
416 1260 468 1340 γάρ
491 1261 517 1316 ἰν
542 1258 646 1338 οὐρανῷ
662 1257 726 1316 σέλα
743 1259 872 1340 φερόμενα
895 1261 941 1319 καί

163 1351 245 1432 πυρὸς
261 1352 369 1430 ἀνάψεις
381 1351 422 1429 ἀρ’
439 1349 494 1414 tvi<
517 1348 644 1425 μένουσαι
664 1348 763 1421 τόπου,
782 1354 830 1428 γῆς
844 1369 872 1409 τε
889 1376 941 1428 μυ-

163 1440 273 1514 κήματα
294 1441 338 1496 καὶ
353 1439 446 1517 τρόμοι
462 1445 579 1515 συνεχεῖς
594 1437 728 1514 ἐγίνοντο,
744 1438 843 1517 μορραί
862 1443 887 1497 τ’
900 1441 940 1499 εἰ·

164 1529 254 1585 δώλων
277 1528 371 1585 άλλοτε
387 1526 492 1582 ἀλλοῖαι
506 1523 539 1582 δι’
560 1521 636 1602 ἀέρος
651 1526 812 1605 φερόμεναι,
827 1526 873 1586 καί
884 1550 935 1609 qur-

163 1617 205 1673 ναί
221 1616 399 1694 ταράττουσαι
414 1613 530 1672 διάνοιαν
546 1613 703 1692 ἀνθρώπων,
725 1613 770 1672 καί
789 1615 876 1674 πάντα
891 1614 941 1677 όσα

125 1718 137 1752 ι’»
163 1705 263 1770 τούτοις
279 1702 357 1781 ὅμοια
374 1701 550 1775 συνέπιπτεν,
567 1700 702 1780 εὑρίσκετο
716 1700 761 1759 καί
775 1702 859 1762 πάλαι
877 1702 940 1763 ποεῖ

163 1791 290 1868 γεγονότα
311 1782 392 1863 ἧττόν
405 1811 435 1848 τι
451 1789 496 1849 καί
512 1791 627 1864 μᾶλλον·
641 1779 671 1847 οὑ
685 1788 711 1847 δέ
726 1791 830 1870 ἀπειροί
845 1814 874 1849 τε
893 1792 939 1852 καί

164 1880 271 1951 ἀνήκοοι
290 1879 330 1939 ἔτι
350 1872 418 1953 ήσαν
437 1880 482 1938 καί
504 1882 544 1960 ἐρ’
563 1870 717 1960 ᾧμάλιστα
738 1880 938 1961 ἰταράχθησαν,

163 1972 256 2031 τοιόνδ’
278 1963 324 2045 ήν·
347 1970 449 2052 νιρετός
472 1968 498 2038 έξ
522 1973 632 2051 οὐρανοῦ
655 1971 822 2050 κατέσκηψεν
839 1974 874 2037 εἰς
889 1976 938 2049 γῆν

162 2062 261 2132 πολύς,
272 2062 301 2119 σθ
314 2059 392 2139 χιόνα
403 2058 573 2139 καταφέρων,
583 2058 653 2116 ἀλλά
665 2062 770 2135 σαρκῶν
783 2057 939 2138 θραύσματα

163 2152 266 2209 ἐλάττω
276 2173 305 2207 τι
315 2150 360 2207 καλ
371 2147 464 2224 μείζω.
477 2149 586 2209 Τούτων
601 2150 634 2208 τά
649 2146 697 2225 μέν
710 2144 797 2205 πολλά
809 2147 940 2226 μετάρσια

163 2237 377 2319 προσπετόμεναι
389 2240 496 2311 πτηνῶν
507 2238 568 2296 ὅσαι
580 2235 645 2295 εἰσίν
661 2235 765 2314 ἀγέλαι,
777 2240 829 2304 τοῖς
839 2237 939 2314 στόμα·

163 2349 204 2385 σιν
219 2324 354 2404 ἥρπαζον·
376 2324 410 2383 τά
432 2327 455 2384 δ’
478 2325 522 2384 tut
538 2324 586 2398 τὴν
603 2328 652 2402 γῆν
667 2323 806 2402 ἐνεχθέντα
822 2327 848 2384 έν
871 2325 938 2404 αὐτῇ

162 2437 190 2472 τε
204 2417 236 2494 τῆ
246 2414 322 2474 πόλει
333 2413 378 2472 καί
390 2412 457 2473 κατά
469 2413 527 2480 τοὺς
538 2412 632 2492 ἀγροὺς
643 2411 722 2492 μέχρι
734 2413 831 2472 πολλοῦ
845 2413 939 2494 χρόνον

163 2504 273 2583 κείμενα
286 2503 414 2580 διέμεινεν
426 2503 486 2563 ούτε
495 2503 577 2583 χρόαν
589 2500 800 2578 μεταόάλλοντα,
810 2492 853 2561 οἶα
864 2501 938 2562 πάσ-

162 2616 238 2674 χουσι
253 2595 447 2671 παλαιούμενον
464 2595 574 2672 σάρκες,
596 2589 656 2649 οὑτε
683 2592 808 2663 σηπεδόνι
830 2590 937 2651 διαλυό-

164 2706 243 2758 μενα,
256 2670 306 2749 ῶζέ
316 2705 343 2740 τε
355 2681 401 2739 ἀπ’
411 2684 495 2740 αἰετῶν
503 2681 577 2740 οὐδὲν
587 2678 711 2759 πονηρόν.
723 2681 811 2738 Τοῦτο
822 2680 852 2738 τό
861 2678 939 2759 τέρας

163 2772 188 2827 oi
201 2768 249 2842 μέν
262 2768 399 2849 ἐπιχώριοι
409 2769 515 2846 μάντεις
528 2770 579 2849 οθχ
595 2759 644 2828 oiot
661 2770 683 2826 r’
699 2758 766 2839 ήσαν
777 2766 937 2842 συμύαλεῖν·

165 2859 191 2915 is
207 2858 234 2917 δέ
250 2858 303 2925 τοῖς
324 2858 488 2924 Σιόυλλείοις
514 2857 606 2936 εὑρέθη
628 2866 779 2936 χρησμοῖς,
802 2854 841 2914 ότι
857 2857 939 2914 πολι-

164 2945 231 3021 μίων
256 2947 400 3004 ἀλλοεθνῶν
419 2946 602 3024 παρελθόντων
623 2945 660 3009 εἰς
687 2944 716 3000 τὸ
741 2952 843 3023 τεῖχος,
867 2942 938 3021 ἀγὼν

109 3071 115 3083 ·
165 3037 229 3113 ὑπὲρ
244 3035 459 3114 ἀνδραποδισμοῦ
483 3031 665 3105 καταλήψεται
688 3030 737 3100 τήν
757 3032 850 3108 πόλιν,
867 3030 939 3111 ἄρξει

164 3124 191 3182 δέ
206 3129 253 3183 τοῦ
271 3123 335 3203 πρὸς
351 3120 409 3187 τοὺς
431 3121 577 3182 ἀλλοεθνεῖς
600 3120 717 3195 πολέμου
742 3119 833 3185 στάσις
854 3118 940 3199 ἐμφύ-

163 3215 233 3282 λιος,
250 3214 283 3283 ήν
296 3219 363 3291 χρῆν
377 3209 530 3292 ἀρχομένην
544 3207 729 3278 ἐξελαύνοντας
744 3209 774 3266 έκ
785 3213 830 3275 τῆς
840 3210 940 3276 πόλεως

163 3302 207 3360 καί
236 3300 306 3366 θεοὺς
332 3297 558 3380 παραιτουμένους
587 3295 686 3362 θυσίαις
720 3318 748 3354 τε
776 3297 820 3355 καί
850 3297 940 3378 εὐχαῖς

163 3388 311 3471 ἀποτρέψαι
328 3388 361 3447 τά
376 3388 461 3446 δεινά·
481 3387 525 3446 καί
549 3386 680 3468 κρείττους
701 3383 804 3444 ἔσονται
828 3389 879 3445 τῶν
894 3390 940 3467 ἰχ·

110 3506 135 3540 ,ὃ
163 3482 241 3559 (χρῶ,
286 3477 332 3544 Ὡς
354 3477 376 3535 δ’
393 3474 518 3620 ἐξηνέγθη
533 3481 615 3534 ταῦτα
634 3478 671 3541 εἰς
694 3473 724 3532 τό
743 3477 858 3554 πλῆθος,
880 3477 939 3558 ίερά

164 3567 211 3642 μέν
225 3569 327 3642 πρῶτον
343 3563 437 3622 ἔθυσαν
452 3586 489 3628 ος
512 3566 528 3632 ἡ
548 3561 647 3621 τούτων
668 3559 806 3636 ἰπιμελεια
823 3565 940 3624 ἀνέκειτο

163 3661 229 3721 θεοῖς
241 3654 431 3733 ἐξακεστηρίοις
449 3676 477 3711 τε
497 3652 540 3710 καί
561 3650 758 3731 ἀποτροπαίοις,
781 3654 872 3715 ἔπειτα
889 3679 937 3715 συ-

163 3744 301 3823 ναχθέντες
313 3746 348 3810 εἰς
363 3743 392 3801 τὸ
410 3740 593 3821 βουλευτήριον
608 3744 631 3799 οἱ
655 3740 788 3817 σύνεδροι,
803 3746 939 3821 παρόντων

163 3832 208 3889 καί
220 3836 272 3890 τῶν
288 3832 451 3910 δημάρχων,
469 3828 532 3907 ὑπὲρ
548 3828 692 3909 ἀσραλείας
709 3850 738 3885 τε
755 3831 800 3889 καί
810 3832 941 3912 σωτηρίας

124 3937 128 3960 ·
164 3921 320 3989 τῆςπολεως
336 3922 474 3978 ἐσκόπουν.

207 4009 252 4066 Ill.
267 4008 307 4066 Τὸ
328 4004 375 4082 μέν
397 3998 441 4063 σύν
464 4005 663 4064 καταλύσασθαι
677 4008 710 4063 ad
729 4007 792 4087 πρὸς
810 4007 939 4066 ἀλλήλους

163 4095 337 4171 ἐγκλήματα,
350 4095 395 4153 καί
409 4103 457 4173 μιᾷ
471 4092 620 4174 χρήσασθαι
639 4094 730 4175 γνώμη
746 4099 805 4170 περὶ
821 4099 874 4153 τῶν
886 4119 938 4154 κοι-

163 4185 229 4254 νῶν,
246 4184 280 4248 ῶς
296 4181 447 4242 ὑπετίθεντο
459 4185 482 4242 oi
506 4182 640 4261 χρησμοί,
657 4182 752 4249 πάντες
773 4182 939 4262 ὡμολόγουν·

163 4271 233 4337 ὅπως
247 4272 269 4329 δ’
285 4269 315 4329 ἀν
331 4276 408 4331 τοῦτο
431 4271 531 4348 γένοιτο
552 4270 598 4328 καί
613 4271 667 4328 ἀπὸ
683 4270 760 4330 τίνων
786 4269 939 4350 ἀρξαμένων

125 4386 135 4419 a
164 4362 241 4418 είκειν
257 4369 310 4426 τοῖς
325 4360 420 4442 έτέρσις
442 4361 471 4418 τὸ
497 4361 618 4439 διάρορον
641 4361 705 4439 [καί
720 4360 792 4441 πῶς]
808 4361 941 4423 παύσαιτο

165 4451 325 4520 στασιάζον,
342 4454 370 4507 οὐ
387 4449 483 4527 μικράν
501 4451 588 4513 αὐτοῖς
606 4457 732 4529 παρεῖχεν
751 4450 873 4530 ἀπορίαν.
906 4455 941 4513 Οἱ

165 4539 212 4614 μέν
230 4538 280 4615 γάρ
296 4536 392 4596 ὑπατοι
426 4538 471 4596 καί
486 4540 509 4596 oi
526 4543 572 4608 τῆς
592 4542 686 4615 βουλῆς
702 4544 865 4618 προεστῶτες
882 4541 940 4607 τοὺς

164 4627 328 4707 εἰσφέροντας
343 4626 419 4683 καινά
435 4626 616 4702 πολιτεύματα
631 4627 783 4706 δημάρχους
799 4630 843 4686 καί
860 4653 939 4687 κατα·
967 4677 971 4693 ,

163 4717 234 4774 λύειν
251 4714 385 4784 ἀξιοῦντας
410 4714 452 4772 τὸν
478 4714 587 4792 πάτριον
611 4720 657 4787 τῆς
685 4717 817 4783 πολιτείας
842 4716 940 4790 κόσμον
966 4696 970 4759 ί

111 4830 122 4864 ς
165 4803 260 4869 αἰτίους
276 4803 419 4882 ἀπέρκινον
435 4807 481 4872 τῆς
495 4807 623 4881 ταραχῆς.
639 4806 672 4862 Οἱ
685 4803 711 4861 δὲ
727 4804 860 4882 δήμαρχοι
873 4812 940 4880 σρᾶς

163 4888 210 4962 μέν
227 4893 318 4959 αύτούς
348 4890 419 4950 οὐδέν
449 4890 536 4966 ἔλεγον
562 4890 648 4957 ἀξιοῦν
676 4891 733 4950 οὔτε
760 4893 851 4949 ἄδικον
880 4891 938 4949 οὔτε

165 4978 313 5056 ἀσύμφερον
338 4979 473 5054 ἰσονομίαν
494 4979 607 5055 εἰσάγειν
625 4980 798 5056 βουλομένους
817 4979 861 5037 καί
882 4981 940 5052 ἰση-

163 5064 262 5140 γορίαν·
278 5068 336 5132 τοὺς
353 5069 380 5123 δέ
399 5067 510 5132 ὑπάτους
523 5067 568 5124 καί
584 5066 644 5130 τοὺς
665 5068 819 5143 πατρικίους
841 5068 939 5134 αἰτίους

163 5155 283 5230 γενέσθαι
298 5158 343 5223 τῆς
366 5151 483 5217 στάσεως
499 5154 607 5230 ἔλεγον,
629 5155 739 5229 ἀνομίαν
754 5152 878 5223 αὔξοντας
892 5156 937 5215 καί

994 1101 1145 1152 accedebant
1156 1099 1232 1152 etiam
1245 1102 1352 1149 termres
1363 1094 1481 1144 divinitus
1491 1091 1585 1143 inmisi
1603 1110 1609 1142 :
1624 1090 1657 1142 de
1668 1104 1778 1158 quorum

998 1179 1122 1230 nonnullis
1153 1178 1214 1229 nibil
1235 1179 1261 1228 iu
1288 1177 1396 1243 publicis
1414 1178 1526 1243 scriptis,
1550 1178 1615 1229 nibil
1636 1178 1716 1229 etim
1734 1178 1782 1229 ulia

996 1266 1105 1316 omnium
1127 1267 1254 1317 bominum
1281 1267 1403 1317 memoria
1427 1265 1553 1330 proditum
1574 1266 1780 1332 reperiebatur:

997 1366 1053 1402 orm
1077 1353 1184 1418 fulgores
1206 1355 1231 1403 in
1250 1355 1314 1404 coelo
1336 1359 1449 1415 exortos,
1463 1354 1531 1420 ignes
1542 1354 1662 1408 ardentm
1685 1357 1712 1406 in
1733 1370 1780 1406 uno

997 1443 1051 1494 loco
1069 1446 1210 1505 uincentes,
1232 1448 1308 1496 terra
1329 1444 1438 1510 mugitus
1458 1449 1485 1494 et
1504 1445 1639 1495 continuas
1662 1449 1779 1497 εῖιιεάεκι

996 1534 1183 1597 quassatioues,
1196 1534 1277 1584 varias
1288 1537 1445 1599 spectmmm
1454 1533 1530 1586 iacies
1539 1548 1585 1599 per
1594 1539 1680 1587 εὲτοοι
1689 1536 1778 1588 discur-

997 1627 1102 1687 santes,
1139 1637 1214 1674 voces
1247 1623 1374 1674 bominum
1402 1623 1500 1674 animos
1532 1625 1725 1688 perturbantes,
1752 1629 1777 1676 et

997 1712 1213 1777 quascunquealia
1231 1711 1373 1764 lmlusmodi
1386 1712 1496 1778 prodigia
1507 1710 1671 1775 ecciderunt,
1686 1714 1739 1764 brer
1750 1719 1775 1765 et

996 1802 1056 1852 olim
1078 1802 1118 1851 vel
1137 1801 1214 1866 magis
1231 1802 1271 1853 vel
1285 1801 1368 1852 minus
1388 1801 1509 1853 accidisse
1530 1803 1665 1853 comtabat
1686 1823 1694 1852 :
1712 1803 1775 1868 quod

998 1910 1058 1947 nero
1080 1898 1201 1948 hacteuus
1219 1911 1250 1949 ne
1265 1897 1317 1948 utto
1336 1896 1438 1962 quidem
1451 1897 1526 1948 modo
1547 1900 1663 1951 Romani
1685 1901 1778 1965 auperti

998 1987 1102 2049 lucrant,
1123 2002 1169 2039 nco
1186 1988 1329 2052 audierant,
1343 1992 1369 2041 et
1381 2002 1431 2053 qno
1444 1988 1555 2042 maxime
1566 1993 1627 2042 snut
1637 1992 1734 2055 territi,
1753 1991 1778 2045 id

1000 2075 1142 2140 hujusmodi
1159 2077 1213 2127 luit.
1249 2080 1336 2142 lugens
1350 2078 1415 2129 nlrls
1430 2077 1510 2129 imber
1522 2093 1554 2130 ea
1565 2080 1627 2131 cralo
1644 2081 1669 2130 in
1684 2084 1776 2132 terram

997 2176 1054 2212 eum
1067 2161 1160 2226 impetu
1171 2167 1210 2212 est
1227 2162 1342 2225 delatus,
1354 2178 1439 2216 secum
1451 2165 1553 2216 trabeas
1566 2179 1613 2216 oon
1631 2164 1714 2215 utrem
1726 2166 1772 2217 sed

997 2249 1108 2299 earnium
1124 2249 1216 2310 frusta,
1232 2254 1258 2300 et
1269 2252 1362 2302 minora
1371 2254 1397 2303 et
1409 2252 1512 2303 maiora.
1533 2255 1639 2312 Quorum
1652 2251 1770 2316 pleraque

998 2337 1022 2387 in
1048 2339 1148 2389 sublimi
1166 2339 1308 2390 advolantes
1330 2339 1411 2390 omnis
1427 2342 1525 2404 generis
1540 2338 1666 2391 adamum
1683 2353 1771 2405 greges

997 2427 1086 2477 rostris
1109 2426 1282 2492 diripuerunt:
1302 2441 1359 2492 quae
1375 2442 1434 2479 vero
1454 2429 1481 2479 in
1498 2435 1592 2480 terram
1605 2427 1686 2480 delata
1698 2431 1771 2490 suut,

998 2514 1052 2564 noo
1072 2515 1098 2565 in
1111 2515 1164 2580 ipsa
1177 2515 1236 2566 urbe
1248 2519 1274 2566 et
1287 2516 1351 2580 agris
1367 2529 1453 2581 sparsa
1471 2515 1516 2567 din
1530 2517 1675 2577 iacueruut3
1690 2517 1726 2567 ita
1739 2521 1776 2568 ta-

997 2613 1054 2650 men
1066 2604 1104 2662 ut,
1115 2615 1160 2651 nee
1172 2602 1279 2652 colorem
1290 2605 1430 2664 mutarent,
1443 2616 1518 2668 quem
1531 2615 1620 2654 umes
1633 2604 1777 2656 inveterata

997 2687 1077 2738 solent
1100 2687 1199 2749 babere,
1222 2701 1269 2738 nec
1286 2689 1415 2753 putredine
1438 2694 1557 2755 corrupta
1580 2690 1661 2743 ullum
1684 2695 1776 2743 tetrum

997 2775 1098 2826 odorem
1127 2777 1278 2827 omitterent.
1322 2777 1350 2827 ld
1387 2776 1526 2842 prodigium
1554 2782 1627 2830 rates
1659 2780 1776 2845 indigena

998 2863 1150 2914 coniecturis
1163 2863 1318 2928 interpretari
1331 2878 1381 2915 non
1394 2864 1529 2929 potnerunt
1541 2885 1549 2917 ε
1559 2866 1605 2918 sed
1619 2867 1676 2921 libri
1686 2882 1773 2920 σιτου-

997 2948 1078 3000 lomm
1090 2949 1264 3014 sybillinorum
1279 2952 1392 3013 consulti,
1416 2956 1575 3011 monumnt.
1588 2955 1623 3006 ab
1638 2956 1774 3022 abaciacus

998 3032 1112 3084 hostibus
1138 3035 1164 3084 in
1184 3035 1271 3086 urbem
1298 3037 1414 3103 ingressis
1446 3038 1572 3090 civitatem
1600 3042 1627 3092 in
1651 3044 1775 3094 servitutis

997 3118 1128 3170 discrimen
1143 3121 1277 3173 adductum
1292 3125 1322 3174 iri
1337 3145 1344 3175 ε
1360 3127 1411 3176 lore
1426 3130 1523 3187 summ,
1535 3132 1564 3178 ut
1581 3127 1675 3180 bellum
1691 3135 1776 3181 contra

998 3211 1124 3257 externum
1142 3208 1237 3258 hostem
1252 3211 1330 3261 ciuilis
1346 3213 1434 3263 seditio
1453 3215 1617 3279 procederet,
1631 3231 1705 3281 quam
1715 3230 1773 3267 nas·

997 3297 1093 3343 centem
1103 3307 1132 3343 en
1149 3295 1209 3345 urbe
1230 3298 1366 3360 pallendum
1379 3314 1448 3361 esse,
1462 3299 1522 3350 deos
1541 3301 1684 3365 placandos,
1695 3303 1772 3352 sacri-

998 3381 1061 3430 tlciis
1071 3382 1185 3446 rotisque
1197 3385 1262 3434 nrrrla
1272 3388 1418 3448 avertendo;
1428 3388 1461 3437 lta
1471 3388 1536 3438 enim
1549 3402 1592 3438 eos
1604 3391 1729 3441 uictoriam
1742 3389 1773 3440 ab

997 3469 1110 3520 hostibus
1144 3476 1314 3535 reportaturos
1348 3476 1528 3538 significabant.
1561 3477 1607 3526 llis
1635 3479 1660 3529 in
1690 3478 1775 3540 vulgus

996 3559 1085 3622 elatis,
1101 3559 1207 3622 primum
1224 3561 1324 3624 quidem
1346 3563 1495 3626 pontifices,
1516 3563 1548 3614 ad
1567 3579 1632 3629 qnos
1652 3566 1777 3616 hoeccma

998 3648 1115 3711 pertinet,
1147 3647 1196 3696 diis
1230 3650 1351 3700 malorum
1378 3649 1551 3716 depulsoribus
1579 3657 1606 3702 et
1634 3654 1777 3704 averruncis

998 3736 1092 3792 lrosiias
1118 3743 1284 3793 immolarunt.
1319 3739 1412 3790 Deinde
1443 3754 1503 3791 vero
1522 3744 1605 3804 patres
1636 3745 1776 3794 incuriam

998 3831 1090 3889 coacti,
1118 3832 1224 3882 tribunis
1239 3843 1337 3895 quoqne
1359 3829 1538 3893 presentibus,
1561 3830 1593 3881 de
1608 3832 1776 3884 incolumitate

997 3921 1021 3966 el
1036 3920 1115 3971 salute
1126 3921 1224 3985 publica
1235 3924 1375 3974 consultare
1392 3925 1526 3986 soporum.

1029 4009 1071 4058 lll.
1089 4013 1180 4061 Omnes
1201 4013 1275 4076 igitur
1292 4012 1365 4063 linem
1381 4011 1475 4061 mutuis
1498 4010 1712 4063 criminationibus
1728 4011 1776 4063 im·

996 4101 1146 4161 ponendum,
1171 4105 1195 4151 ct
1211 4116 1243 4152 ex
1265 4102 1422 4151 oraculorum
1441 4097 1577 4149 monitione
1599 4097 1776 4162 rempublicam

997 4190 1151 4240 concorditer
1169 4189 1389 4240 administrandam
1412 4198 1529 4236 uno-ore
1553 4186 1695 4236 censebant.
1729 4187 1776 4238 Sed

997 4281 1126 4342 quomodo
1140 4279 1164 4329 id
1181 4278 1263 4338 lieret,
1278 4274 1376 4340 etquid
1395 4274 1501 4336 primum
1517 4270 1632 4320 factionis
1647 4272 1777 4334 utriusque

998 4369 1109 4419 homines
1119 4369 1164 4419 sibi
1178 4368 1283 4418 invicem
1293 4363 1428 4414 concedere
1439 4359 1572 4419 deberent,
1586 4363 1668 4423 etqua
1680 4360 1775 4411 ratione

998 4460 1086 4510 seditio
1104 4460 1238 4516 tolleretur,
1260 4457 1300 4506 hie
1324 4455 1359 4505 illi
1376 4450 1448 4502 ualde
1468 4450 1602 4499 luscscruut.
1636 4451 1697 4499 llam
1712 4462 1777 4499 eon-

997 4547 1062 4598 sules
1073 4552 1203 4600 obseruatus
1216 4544 1335 4610 principos
1351 4540 1474 4591 tumultus
1486 4551 1601 4587 caussam
1617 4537 1777 4588 conterebant

996 4634 1020 4683 iu
1032 4636 1157 4692 tribunos,
1172 4634 1214 4696 qui
1228 4646 1291 4682 nova
1308 4631 1420 4680 instituta
1438 4628 1463 4676 in
1481 4626 1661 4688 rempublicam
1675 4626 1777 4678 induce·

997 4726 1065 4778 rent,
1092 4727 1115 4770 et
1151 4722 1255 4784 patrium
1281 4718 1390 4768 civitatis
1421 4721 1513 4767 statum
1541 4716 1631 4766 vellent
1654 4720 1775 4765 evertere.

995 4809 1095 4858 Tribuni
1114 4813 1197 4858 eorrtra
1216 4809 1348 4871 surgebant,
1372 4821 1397 4856 se
1417 4809 1551 4869 quicquam
1575 4804 1776 4869 indignum‚aut

995 4903 1123 4967 iniquum,
1136 4906 1179 4950 aut
1190 4902 1289 4951 inoxium
1313 4903 1393 4950 lacere
1403 4938 1409 4955 .
1420 4899 1487 4962 quod
1500 4899 1577 4948 bonas
1592 4899 1661 4960 leges
1674 4901 1699 4948 et
1715 4894 1775 4945 iuris

996 4990 1189 5057 aequabilitatem
1214 4991 1239 5039 in
1273 4988 1448 5052 rempublicam
1471 4989 1562 5038 vellent
1579 4986 1697 5037 inducere
1718 5003 1725 5033 :
1749 4987 1775 5033 at

995 5079 1108 5128 consutus
1120 5080 1144 5126 et
1157 5074 1274 5139 patricios
1290 5073 1419 5124 seditionis
1434 5077 1548 5124 auctores
1571 5088 1627 5124 esse
1644 5074 1775 5130 dicebant,

993 5163 1035 5226 qui
1055 5162 1209 5225 iniquitatem
1232 5165 1258 5210 et
1280 5161 1410 5211 auaritiam
1432 5164 1562 5227 augerent,
1586 5166 1612 5213 et
1634 5163 1777 5225 tyrannicos
