3772 5828
563 448 853 522 ANTIQUITATUM
875 449 1021 513 nostem.
1047 456 1120 515 LtB.
1146 458 1180 516 X.

69 584 136 661 μήτε
151 583 229 640 ἰδεῖν·
247 582 325 638 ἑωθεν
340 579 413 645 εὐθὺς
430 580 538 660 ἐξῄεσαν
552 583 577 639 ot
593 582 672 659 δέκα,
700 588 734 648 τὰ
758 590 844 669 παρά·
872 601 874 611 ·

69 695 143 750 οημα
160 674 205 741 τῆς
218 668 358 748 βασιλικῆς
368 667 486 737 ἔξουσίας
497 669 612 738 ἅπαντες
629 676 797 755 ἐπαγόμενοι.
810 677 845 739 Ὁ

69 762 96 821 δὲ
111 762 208 838 δῆμος,
227 761 262 824 ὡς
282 755 378 833 ἑμαθεν
399 758 493 824 αὐτούς
513 756 600 817 οθκίτι
620 764 799 842 φυλάττοντας
815 766 846 825 τὸ

68 847 208 928 δημοτικὸν
230 847 314 905 ἐκεῖνο
330 845 374 906 καλ
387 844 492 928 μίτριον
514 851 607 927 σχῆμα
624 857 672 925 τῆς
684 853 828 932 ἡγεμονίας
834 902 844 931 ,

68 938 125 998 οὐδὲ
141 935 355 1014 διαμειδομίνους
368 936 402 995 ab
413 936 563 1015 παράσημα
578 942 624 1010 τῆς
640 945 779 1020 βασιλικῆς
794 946 843 1026 ἄρ-

67 1034 117 1108 χῆς
132 1031 167 1094 ὡς
182 1025 325 1105 πρότερον,
354 1025 389 1091 είς
411 1026 513 1096 πολλὴν
540 1016 603 1097 ἦλθε
634 1032 778 1111 δυσθυμίαν
800 1034 845 1093 καὶ

69 1115 225 1197 κατήφειαν.
268 1112 399 1194 Ἐφόόουν
414 1138 441 1173 τε
456 1116 480 1172 οἱ
501 1121 714 1197 προσηρτημένον
728 1130 786 1189 ταῖς
802 1122 845 1183 δι’·

71 1228 152 1283 σμαις
165 1208 216 1262 τῶν
235 1202 337 1283 βάόδων
352 1202 486 1277 πελίκεις,
505 1209 548 1271 οθς
565 1207 655 1288 ἔφερον
670 1213 693 1269 οί
708 1210 843 1289 προηγού-

70 1316 143 1367 μενοι
158 1296 210 1350 τῶν
225 1292 325 1372 ἀνδρῶν
348 1289 478 1363 ἑκάστου,
495 1290 597 1351 δώδεκα
612 1295 704 1373 ὄντες,
719 1300 846 1356 ἀναστέλ-

32 1399 35 1403 ’
69 1383 157 1448 λοντες
172 1382 201 1439 ἐκ
217 1382 269 1437 τῶν
295 1381 435 1436 στενωπῶν
455 1381 575 1455 πληγαῖς
592 1381 637 1441 τὸν
654 1383 745 1464 ὄχλον,
767 1386 781 1445 ὃ
800 1387 845 1446 καὶ

70 1471 112 1529 ἐπὶ
132 1473 184 1528 τῶν
200 1468 328 1548 βασιλέων
351 1467 453 1543 ἐγένετο
472 1466 608 1548 πρότερον.
637 1474 777 1546 Κατελύθη
794 1474 847 1558 γδρ

69 1558 141 1626 εὐθὺς
160 1557 191 1617 τδ
209 1557 264 1624 ἔθος
285 1561 362 1614 τούτο
385 1556 453 1633 μετδι
473 1560 521 1629 τήν
546 1557 655 1632 ἐκόσλὴν
673 1567 725 1622 τῶν
749 1565 846 1638 μονάρ-

72 1666 128 1723 χων
143 1650 187 1707 ὑπ’
208 1653 299 1725 ἀνδρος
325 1653 467 1723 δημοτικοῦ
493 1652 612 1710 Ποπλίου
635 1652 783 1725 Οὐαλερίου
802 1649 850 1721 τὴν

42 1800 46 1808 ,
68 1736 173 1792 ἐκείνων
196 1734 313 1802 ἐξουσίαν
335 1732 545 1810 μεταλαὸόντος,
571 1728 594 1817 ᾧ
618 1739 714 1806 πάντες
733 1744 756 1798 σί
778 1742 845 1818 μετὰ

26 1838 34 1855 '
69 1825 165 1882 taetros
186 1821 282 1880 ύπατοι
305 1822 387 1879 καλοῦ
403 1821 558 1902 πράγματος
585 1825 688 1896 δόξαντι
714 1830 790 1908 ἄρξαι
811 1829 844 1888 τδι

67 1908 145 1987 ὅμοια
160 1912 333 1990 πράττοντες,
349 1909 436 1968 ούκὲτι
454 1918 511 1979 ταῖς
531 1912 640 1991 δέσμαις
662 1920 715 1976 τῶν
739 1917 844 1999 ράόδων

67 2000 224 2079 προσήρτων
239 1997 297 2065 τούς
307 1998 441 2072 πελέκεις,
456 2002 496 2059 ὅτι
509 2001 546 2077 μδ,
560 2005 628 2062 κατὰ
640 2003 688 2072 τδις
705 2007 844 2087 στρατείας

68 2089 113 2147 καλ
129 2085 175 2153 τθς
191 2086 271 2153 άλλας
285 2085 385 2153 ἐξόδους
399 2086 446 2153 τὰς
463 2091 494 2148 tx
504 2094 551 2162 τῆς
566 2091 675 2160 πόλεως.
721 2094 842 2173 Πόλεμον

68 2177 91 2234 δ’
115 2175 249 2254 ἐξάγοντες
272 2175 409 2256 ὑπερόριον
437 2175 452 2248 ἣ
477 2180 530 2236 τῶν
549 2180 673 2254 ὑπηκόων
695 2184 843 2263 πράγματα

12 2285 24 2321 a
67 2264 284 2346 translegaret,
301 2264 361 2324 τότε
385 2262 430 2324 καὶ
452 2268 512 2332 τοὺς
526 2267 645 2335 πελίκεις
658 2279 717 2339 ταῖς
738 2273 843 2354 ράόδοις

66 2352 300 2433 προσελάμόανον,
317 2351 360 2411 ίνα
379 2351 409 2409 τδ
423 2356 469 2423 τῆς
482 2354 566 2433 ὄψεως
581 2356 708 2437 φοόερδν,
724 2364 759 2429 ῶς
774 2364 844 2423 κατὰ

66 2444 165 2522 ἐχθρῶν
177 2439 194 2513 ἢ
210 2440 309 2500 δούλων
321 2439 472 2520 γινόμενον,
485 2441 584 2513 ἥκιστα
601 2445 710 2524 γίνηται
726 2458 778 2517 τοῖς
792 2474 841 2510 πο-

65 2528 150 2595 λίταις
164 2528 289 2609 ίπαχθίς.

106 2618 166 2677 LX.
189 2621 276 2677 Τοῦτο
290 2615 322 2690 δὴ
338 2613 508 2691 θεασαμένοις
525 2617 640 2691 άπασιν,
656 2619 671 2679 δ
692 2626 738 2693 τῆς
761 2627 841 2701 βασι-

66 2705 142 2775 λικῆς
158 2703 275 2772 ἐξουσίας
290 2704 399 2779 σημεῖον
411 2704 545 2781 ἑνομίζετο
558 2696 647 2779 εἶναι,
665 2709 732 2769 πολὺ
750 2734 842 2790 παρει-

67 2791 159 2864 στήκει
182 2792 256 2867 δέος,
271 2790 362 2873 ὥσπερ
386 2792 466 2872 ἔφην,
490 2796 686 2855 ἀπολωλεκέναι
707 2798 841 2876 νομίζουσι

65 2881 114 2954 τὴν
137 2883 284 2961 ἐλευθερίαν
308 2881 354 2940 καὶ
387 2881 450 2941 δίκα
477 2884 593 2961 βασιλεῖς
622 2885 755 2961 ἑλομένοις
782 2888 840 2947 ἀντὶ

65 2972 130 3038 ἑνός.
174 2974 273 3031 Τοῦτον
296 2970 322 3030 δὲ
336 2970 380 3029 τὀν
405 2969 501 3049 τρόπον
528 2973 762 3049 καταπληξάμενοι
782 2976 841 3045 τοὺς

63 3058 156 3139 ὄχλους
170 3061 194 3119 oi
211 3058 275 3118 δέκα
289 3058 395 3138 ἄνδρες,
421 3059 467 3118 καὶ
483 3060 588 3139 γνόντες
603 3060 644 3119 δτι
663 3064 702 3121 δεῖ
725 3063 797 3145 φόόῳ
810 3066 841 3126 τὸ

10 3177 14 3188 ·
63 3150 155 3209 λοιπὸν
170 3152 256 3208 αὐτῶν
269 3148 377 3229 ἄρχειν,
393 3150 510 3230 ἑταιρίαν
526 3148 632 3210 ἕκαστοι
648 3155 771 3231 συνῆγον,
783 3156 841 3213 ἑπι-

64 3239 199 3318 λεγόμενοι
224 3237 285 3306 τοὺς
308 3236 485 3320 θρασυτάτους
508 3242 560 3298 τῶν
591 3237 655 3299 νίων
682 3240 729 3298 καί
751 3265 840 3322 σφισιν

65 3328 151 3393 αὐτοῖς
166 3325 400 3400 ἐπιτηδειοτάτους.
434 3324 473 3386 Τδ
493 3327 541 3402 μὲν
556 3318 599 3385 σύν
615 3330 645 3386 tx
665 3330 717 3386 τῶν
734 3329 839 3409 ἀπόρων

64 3413 109 3473 καὶ
120 3420 172 3475 τῶν
188 3419 317 3473 ταπεινῶν
337 3423 395 3479 ταῖς
417 3413 510 3493 τύχαις
524 3413 582 3483 τούς
607 3416 711 3486 πλείους
727 3424 839 3498 φανῆναι

64 3508 219 3582 τυραννικῆς
233 3504 349 3568 κολακας
363 3501 494 3576 ἐξουσίας,
508 3509 555 3563 τοῦ
565 3512 650 3564 κοινοῦ
664 3506 840 3586 συμφέροντος

10 3638 27 3648 ..
66 3590 259 3668 ἀλλαξαμένους
282 3592 328 3657 τδις
350 3593 436 3648 αὑτῶν
451 3591 592 3672 ῶρελείας,
617 3592 675 3652 ούτε
692 3594 838 3671 παράδοξον

66 3678 120 3737 οὔτ’
135 3678 287 3737 ἀνελπιπτον
301 3669 349 3750 ἦν·
364 3678 395 3737 τὸ
411 3678 496 3736 δὲκαὶ
517 3682 546 3739 ἔκ
561 3685 613 3739 τῶν
633 3684 779 3761 πατρικίων
795 3686 838 3741 εὑ·

66 3772 171 3848 ρεθῆναι
197 3765 305 3846 συχνούς
335 3765 443 3845 ἔχοντάς
468 3792 492 3824 τι
518 3770 563 3827 καὶ
589 3771 632 3829 ἐπὶ
659 3770 765 3851 πλούτῳ
794 3771 840 3830 καὶ

66 3861 109 3914 ἐπ’
135 3857 249 3935 εὐγενείᾳ
265 3858 334 3933 μέγα
355 3861 457 3936 φρονεῖν
478 3857 537 3925 τοὺς
562 3860 737 3932 ὑπομένοντας
778 3884 841 3938 συγ·

65 3944 206 4004 καταλύειν
218 3954 271 4011 τοῖς
283 3946 455 4025 δεκαδάρχοις
473 3946 520 4017 τὴν
536 3949 583 4016 τῆς
597 3948 722 4026 πατρίδος
738 3950 839 4008 ἐλευθε-

11 4064 17 4079 1
67 4034 139 4113 ρίαν,
166 4039 243 4095 τοῦτο
271 4034 422 4109 θαυμαστὸν
452 4034 551 4094 ἅπασιν
581 4026 646 4095 εἶναι
673 4039 770 4097 ἐδόκει·
798 4039 840 4107 οὒς

66 4127 159 4183 ἐκεῖνοὶ
184 4126 281 4189 πάσαις
303 4121 487 4191 κολακεύοντες
510 4126 632 4196 ἡδοναῖς,
648 4127 744 4187 ὁπόσαι
758 4129 840 4208 πεφύ-

64 4235 141 4271 κασιν
155 4211 297 4293 ἀνθρώπων
312 4220 431 4292 κρατεῖν,
451 4211 520 4271 κατὰ
534 4214 635 4288 πολλὴν
652 4216 740 4274 άδειαν
757 4212 838 4299 ἦρχον

64 4306 109 4372 τῆς
124 4301 238 4372 πόλεως,
262 4299 358 4376 βουλὴν
383 4299 461 4374 μὲνῆ
482 4304 565 4379 δῆμον
580 4306 606 4363 tv
628 4306 738 4388 οὐδεμιᾷ
755 4308 840 4384 μερίδι

64 4388 209 4462 τιθέμενοι,
233 4388 340 4448 πάντων
366 4389 392 4447 δὲ
413 4389 488 4448 αὐτοὶ
509 4394 647 4466 νομοθέται
662 4418 691 4453 τε
706 4395 751 4455 καὶ
767 4397 840 4455 δικα-

66 4482 124 4537 σταλ
139 4481 285 4559 γινόμενοι,
308 4478 354 4537 καὶ
369 4477 481 4546 πολλοὺς
502 4480 549 4556 μὲν
573 4483 772 4550 ἀποκτιννύντες
788 4488 840 4542 τῶν

65 4569 187 4642 πολιτῶν,
199 4567 311 4635 πολλοὺς
326 4566 354 4628 el
370 4567 558 4647 ἀφαιρούμενοι
568 4569 615 4637 τίις
627 4570 717 4639 ούσίας
731 4571 837 4640 ἀδίκως.

64 4651 124 4712 Ἵνα
138 4656 165 4713 al
179 4658 266 4724 αὐτοῖς
281 4660 419 4738 εὐπρεπῶς
438 4657 471 4715 τὰ
491 4657 615 4738 γινόμενα
630 4657 680 4739 ἔχῃ
696 4661 838 4740 παράνομα

65 4744 110 4801 καὶ
135 4743 205 4802 δεινδι
225 4748 303 4817 ὄντα,
316 4751 351 4812 ὡς
366 4745 399 4819 δὴ
423 4746 469 4806 σὺν
489 4750 528 4827 τῷ
543 4745 637 4826 δικαίῳ
653 4748 839 4827 πραττόμενα,

66 4829 223 4910 δικαστήρια
236 4835 275 4911 ἐφ’
289 4836 394 4914 ἑκάστῳ
405 4835 526 4914 χρήματι
541 4836 713 4894 ἀπεδίδοσαν·
728 4829 796 4909 ἦσαν
811 4838 838 4897 δὲ

10 4982 14 4991 Ι
65 4918 91 4977 οί
104 4942 132 4976 τε
147 4918 287 5000 κατήγοροι
300 4922 344 4981 ὕπ’
359 4927 443 4983 αὐτῶν
464 4924 571 4984 ἐκείνων
586 4926 616 4983 ἐκ
629 4928 681 4983 τῶν
702 4949 838 5004 συγκατα-

66 5006 247 5077 σκευαζόντων
264 5010 308 5080 τὴν
324 5012 461 5091 τυραννίδα
485 5012 717 5090 ύποπεμπόμενοι,
741 5015 785 5073 καὶ
807 5014 840 5072 τδι

66 5098 225 5172 δικαστήρια
241 5098 271 5154 ἔκ
292 5100 345 5156 τῶν
362 5099 472 5180 ἑταίρων
497 5102 722 5179 ἀποδεικνύμενα,
738 5103 764 5161 οἳ
779 5105 839 5172 διη-

66 5186 188 5257 μείθοντο
199 5184 323 5255 ἀλλήλους
337 5189 575 5267 καταχαριζόμενοι
588 5190 634 5257 τὰς
646 5191 728 5258 δίκας.
746 5190 839 5250 Πολλά

66 5271 93 5331 δὲ
107 5277 159 5332 τῶν
171 5274 347 5353 ἐγκλημάτων
360 5274 406 5333 καὶ
415 5274 486 5334 olel
499 5278 638 5359 ίλαχίστου
654 5279 714 5348 άξια
725 5277 765 5360 ἐφ’
776 5281 838 5336 ἑαυ-

1617 465 1676 527 635

894 642 952 681 cum
964 634 1078 684 omnibus
1092 637 1164 700 regiis
1178 638 1313 704 insignibus
1329 639 1481 704 printiernnt.
1519 641 1550 687 :tt
1560 638 1676 701 populus.

896 720 924 766 ut
934 718 998 771 vidit
1007 735 1051 772 eos
1061 737 1109 775 ιιοιι
1118 726 1225 778 retinere
1236 727 1343 791 amplius
1356 727 1500 792 popularem
1510 726 1579 775 illum
1588 730 1612 774 el
1623 738 1675 774 mo·

894 810 1009 863 deratum
1024 816 1185 879 magistratus
1206 819 1333 881 babilam,
1349 833 1394 870 nec
1413 819 1487 881 regin
1505 816 1635 882 potestatis
1648 816 1684 864 in-

895 903 973 967 signia
985 921 1029 970 per
1042 909 1106 960 vices
1120 917 1225 974 rnnmre,
1242 916 1271 963 ιιι
1282 916 1340 963 ants
1356 910 1489 972 iaciebant,
1503 925 1591 973 maeno
1602 909 1676 957 enirm

900 1026 1007 1064 maerore
1021 1029 1049 1065 ac
1073 1016 1174 1067 tristitia
1192 1021 1321 1080 correptus
1340 1019 1388 1067 est.
1421 1021 1485 1068 llum
1499 1018 1582 1070 autem
1599 1019 1680 1071 terre·

901 1118 960 1171 bant
976 1121 1082 1185 alligatas
1106 1125 1214 1174 tasubus
1229 1138 1337 1183 secures,
1351 1140 1414 1188 quas
1432 1098 1564 1178 duodecim
1580 1112 1681 1179 lictores

901 1228 1035 1292 uuicuique
1056 1245 1140 1281 eornm
1167 1231 1342 1296 praetercbant.
1365 1234 1511 1285 verberibus
1529 1235 1629 1284 turbam
1650 1250 1679 1286 ex

900 1333 949 1383 riis
975 1334 1166 1396 submoventes,
1189 1337 1397 1399 quemadmodum
1420 1339 1479 1389 olim
1510 1339 1557 1390 sub
1580 1341 1679 1405 regibus

902 1437 984 1489 tiebat.
1017 1440 1064 1489 llic
1078 1439 1144 1490 enim
1156 1454 1211 1490 mos
1225 1441 1354 1493 centestlm
1373 1446 1430 1508 post
1446 1444 1540 1508 ejectos
1551 1459 1620 1509 reges
1633 1461 1679 1495 an-

902 1547 1013 1610 tiquatus
1025 1547 1104 1599 tuerat
1119 1549 1200 1599 avire
1212 1548 1360 1614 populerit).
1370 1550 1485 1612 Valerio,
1499 1566 1543 1616 an
1558 1554 1582 1603 iu
1594 1567 1681 1603 eorum

901 1652 1048 1714 potestatem
1070 1656 1231 1702 successerat.
1274 1656 1355 1711 Quem
1369 1667 1455 1705 omnes
1471 1656 1586 1707 consules
1608 1657 1680 1706 dein-

901 1767 961 1817 ceps
981 1753 1074 1813 secuti,
1103 1758 1132 1804 ut
1159 1756 1271 1818 preclari
1297 1758 1402 1821 exempli
1434 1764 1561 1811 auctorem
1581 1761 1679 1824 imitati,

902 1876 1002 1913 secures
1016 1860 1130 1921 tascibus,
1145 1862 1191 1911 nisi
1210 1862 1235 1912 in
1250 1864 1449 1929 expeditionibus
1473 1868 1559 1919 aliisve
1575 1871 1681 1935 publicis

901 1964 1110 2029 protectionibus,
1133 1966 1239 2029 amplius
1259 1982 1306 2017 non
1332 1968 1464 2020 addebant.
1499 1973 1604 2030 Quoties
1622 1988 1681 2024 vero

901 2071 1131 2122 bellunrextcrunm
1150 2072 1275 2136 gerebant,
1299 2077 1344 2124 ant
1356 2088 1396 2124 res
1418 2073 1574 2127 subditorum
1591 2078 1680 2127 invise·

902 2179 971 2239 bant,
981 2181 1041 2228 tnnc
1055 2179 1129 2228 etiarn
1143 2193 1242 2230 secures
1252 2180 1285 2229 ad
1305 2181 1386 2230 tasces
1398 2180 1556 2243 adhibebant,
1570 2187 1599 2234 ut
1614 2184 1680 2234 illins

902 2287 1036 2353 spectaculi
1045 2291 1133 2349 terror,
1147 2289 1218 2351 quasi
1229 2289 1291 2338 sotis
1302 2287 1423 2349 hostibus,
1441 2291 1484 2339 aut
1495 2289 1602 2341 subditis
1613 2292 1680 2342 incar·

902 2396 1006 2453 teretur,
1014 2393 1111 2443 ciribns
1125 2392 1207 2441 urinas
1218 2393 1300 2456 gravis
1312 2391 1448 2445 uideretur.

933 2630 981 2677 lx.
1004 2628 1056 2676 lloc
1079 2625 1155 2689 igitur
1168 2628 1309 2690 corrspcoto,
1320 2626 1389 2690 quod
1406 2626 1479 2687 reglau
1493 2629 1626 2689 potestatis
1641 2628 1678 2677 in·

901 2717 969 2779 signe
980 2714 1124 2778 putabatur,
1136 2728 1222 2765 ornnes
1242 2718 1283 2777 (ut
1294 2714 1359 2775 dixi)
1381 2718 1464 2764 metus
1477 2715 1563 2779 ingens
1577 2715 1676 2774 irrrasit,

900 2806 966 2868 quud
978 2805 1010 2855 de
1026 2803 1140 2853 libertate
1160 2819 1205 2854 sna
1226 2809 1310 2853 actum
1322 2803 1503 2864 existimarent,
1524 2807 1549 2852 et
1563 2818 1608 2868 pro
1620 2818 1677 2869 rege

899 2908 949 2944 uno
960 2893 1045 2943 decern
1060 2907 1073 2941 n
1086 2896 1225 2942 sceroatos.
1259 2896 1341 2951 Quum
1364 2892 1439 2953 igitur
1457 2891 1591 2942 decemviri
1610 2895 1677 2943 mul·

899 2983 1030 3034 titudinem
1043 2983 1090 3031 boc
1112 2981 1185 3030 modo
1204 2980 1366 3042 terruissent,
1381 2995 1486 3045 eamque
1503 2983 1528 3031 in
1551 2984 1677 3045 posterum

899 3075 967 3122 metu
982 3084 1065 3134 regere
1086 3069 1241 3131 statuissent,
1254 3069 1343 3133 singuli
1365 3069 1523 3120 sodalitatem
1546 3074 1677 3121 contraxe-

899 3159 1182 3219 runt,ctaudacissirnos
1192 3173 1312 3223 quosque,
1324 3174 1353 3209 ac
1360 3160 1408 3211 sibi
1417 3159 1525 3210 maxime
1534 3161 1678 3211 convenien·

899 3254 939 3301 tes
949 3249 1053 3314 juvenes
1073 3248 1226 3310 delegerunt.
1238 3248 1310 3305 Quod
1323 3249 1398 3311 igitur
1418 3250 1531 3314 plerique
1552 3251 1637 3314 inopes
1649 3266 1677 3300 ae

898 3338 990 3388 intirnre
1003 3335 1150 3386 conditionis
1163 3335 1281 3389 trorrrincs.
1296 3334 1401 3399 publicis
1420 3336 1556 3385 commodis
1569 3337 1678 3400 privatos

899 3430 1009 3490 quastus
1032 3423 1203 3487 praeferentes,
1238 3424 1372 3485 tyrannicae
1402 3424 1534 3487 potestatis
1566 3424 1676 3473 adulato-

899 3524 939 3561 res
949 3509 1106 3566 exstiterint,
1126 3510 1173 3558 hoc
1194 3522 1239 3559 nec
1256 3514 1348 3573 praeter
1364 3510 1516 3574 opinionem,
1531 3526 1576 3561 nec
1587 3517 1677 3575 prater

898 3612 967 3660 spem
989 3595 1089 3656 accidit;
1118 3594 1162 3645 sed
1183 3596 1264 3659 quod,
1294 3597 1369 3646 ctiam
1394 3610 1425 3647 en
1451 3598 1536 3648 omlinc
1558 3600 1674 3661 patriciu,

897 3688 971 3737 mulli
982 3686 1075 3735 inventi
1088 3687 1185 3741 tuerint.
1202 3685 1252 3748 qui.
1266 3698 1344 3749 (quum
1355 3685 1443 3749 opibus
1452 3690 1477 3736 et
1493 3686 1621 3738 nobilitate
1631 3689 1677 3737 ati-

896 3789 946 3839 quo
969 3773 1045 3823 nrodo
1064 3773 1095 3823 de
1114 3788 1139 3823 se
1153 3772 1280 3835 magnilica
1295 3774 1386 3824 sentire
1401 3780 1514 3839 possent,
1530 3781 1676 3827 tamennon

897 3865 1036 3915 dubitarint
1049 3878 1098 3913 una
1111 3877 1167 3912 curn
1183 3861 1330 3912 decemviris
1341 3864 1427 3925 patrtae
1437 3863 1577 3921 libertatem
1589 3866 1676 3928 oppri-

898 3953 1038 4015 mesebon
1060 3950 1234 4002 admirandum
1256 3950 1371 4000 omnibns
1391 3951 1501 4012 videtur,
1521 3967 1578 4003 curn
1590 3954 1625 4005 illi
1637 3956 1674 4004 iu·

897 4043 1027 4107 dulgentes
1044 4041 1159 4091 omnibus
1180 4038 1369 4103 voluptatibus,
1383 4052 1440 4103 quae
1462 4039 1605 4091 lrsrrninibns
1627 4043 1674 4092 irn-

897 4148 984 4198 perare
999 4133 1087 4192 solent,
1105 4145 1193 4193 magna
1215 4128 1312 4179 licentia
1327 4132 1352 4180 et
1370 4129 1424 4179 sine
1440 4130 1490 4178 ullo
1511 4134 1581 4181 rnetn
1602 4145 1675 4181 suurn

897 4223 1029 4287 imperium
1049 4223 1074 4273 in
1094 4220 1272 4285 rempublicam
1290 4219 1447 4277 exercebant,
1465 4223 1578 4270 senatum
1593 4234 1675 4285 popn·

896 4313 1000 4377 lamque
1010 4316 1145 4362 Romanum
1163 4310 1260 4373 penitus
1279 4312 1473 4366 contemnentes,
1493 4310 1603 4358 omnium
1628 4309 1674 4372 ipsi

897 4400 1155 4464 legumlatoresatque
1174 4397 1283 4462 judtccs,
1299 4397 1393 4446 multos
1405 4396 1496 4445 civium
1519 4398 1674 4457 occulentes,

896 4489 989 4538 multus
1018 4488 1089 4538 bonis
1108 4488 1199 4549 injurste
1222 4490 1349 4536 exuentes.
1383 4486 1415 4532 Ut
1435 4488 1519 4533 anlrrm
1534 4484 1625 4545 inJusta
1646 4497 1675 4532 ac

894 4576 987 4625 atrocia
1005 4591 1089 4628 eurum
1112 4582 1218 4633 facinora
1242 4584 1346 4647 speciem
1369 4581 1471 4646 justitiae
1492 4580 1621 4633 baberent,
1643 4572 1674 4622 de

894 4667 999 4729 singulis
1018 4672 1112 4721 caussis
1126 4673 1218 4735 judicio
1235 4675 1371 4723 coristituto
1390 4672 1582 4737 cognoscclrarrt;
1599 4680 1672 4716 acen·

896 4761 992 4807 satores
1013 4770 1072 4806 vero
1086 4755 1184 4811 abillis,
1207 4753 1250 4816 qni
1262 4754 1297 4801 eis
1320 4749 1476 4813 tyrannidem
1498 4746 1672 4801 adstruebant,

896 4843 1110 4901 subornabantur3
1138 4845 1163 4891 ct
1182 4840 1275 4903 judicia
1297 4838 1444 4889 constabant
1467 4850 1497 4884 ex
1520 4848 1604 4884 eornm
1636 4845 1673 4879 so·

895 4932 1007 4988 datibus,
1028 4931 1072 4992 qui
1093 4929 1139 4978 sibi
1162 4929 1267 4977 invicem
1294 4928 1400 4991 gratiam
1424 4923 1580 4982 referebant,
1604 4933 1673 4969 caus·

895 5033 935 5070 sas
952 5018 1087 5080 largientes.
1122 5014 1214 5065 Multas
1232 5019 1316 5064 autem
1327 5027 1437 5073 caussas,
1451 5024 1540 5072 easque
1555 5021 1603 5058 non
1624 5007 1672 5056 mi-

895 5108 955 5157 nimi
977 5104 1108 5161 nrorrrenti,
1135 5102 1270 5152 ‹lecernriri
1295 5114 1341 5150 suo
1372 5099 1493 5149 arbitratu
1517 5095 1672 5159 iudicabant;

896 5198 979 5261 ltaque
991 5195 1034 5258 qui
1045 5194 1095 5255 Juri
1112 5207 1157 5242 suo
1172 5206 1219 5240 non
1235 5190 1359 5249 lidebant,
1380 5188 1530 5252 cogebantur
1547 5200 1574 5237 so
1585 5199 1672 5237 eornm

896 5282 1016 5333 sorlrrlitiis
1032 5281 1179 5345 adjungere,
1198 5279 1257 5342 qnia
1279 5276 1347 5327 nulla
1365 5275 1414 5327 alia
1436 5275 1531 5328 ratione
1553 5290 1580 5327 se
1598 5288 1672 5325 suum
