3772 5828
192 335 251 395 202

230 467 297 526 xli.
319 466 413 524 Ταῦτα
420 464 540 543 λέγοντος
554 472 631 529 αὐτοῦ
641 471 685 529 καί
695 474 868 534 emendatorio
875 473 931 535 olon
941 498 969 535 ςς

193 571 266 637 όντος
278 569 388 627 ἀπὸτοῦ
402 566 530 645 βήματος,
540 565 643 646 κραυγή
656 590 683 624 τε
698 566 771 649 παρὰ
782 568 887 626 πάντων
901 569 970 636 ἐξαί-

193 683 246 726 σιος
271 656 433 736 ἐγένετοκαὶ
457 654 559 724 δεήσεις
579 654 740 735 μεμιγμέναι
762 656 901 735 δάκρυσιν,
924 656 969 717 ἵνα

195 746 298 822 μένητε
309 744 354 804 καί
367 742 512 820 διακατέχῃ
527 741 560 800 τά
572 744 716 820 πράγματα
729 742 829 819 μηδένα
840 742 968 810 δεδοικώς.

151 861 163 899 s
193 829 309 896 Ἔπειτα
319 830 481 909 ἐγκέλευστοί
491 853 556 896 τινες
571 830 729 910 διειληφότες
738 831 787 903 τήν
798 832 906 910 ἀγοράν,
919 836 966 909 βα·

193 924 268 982 σιλεά
282 933 364 982 ποιεῖν
380 920 457 978 αὐτὸν
473 917 565 988 ἰόόων,
581 916 626 976 καί
636 921 776 996 συγκαλεῖν
791 920 839 983 τδις
852 923 970 1000 φράτρας

192 1010 277 1083 ἠξίουν
306 1011 350 1068 καί
371 1012 457 1089 ψῆφον
479 1006 570 1085 ᾔτουν.
614 1005 777 1085 Ἀρξαμένων
805 1008 832 1066 δέ
855 1008 967 1077 τούτων,

193 1099 266 1167 εὐθύς
279 1104 292 1157 ό
306 1100 388 1174 δῆμος
401 1096 470 1164 άπας
480 1096 522 1153 ἐπὶ
537 1099 585 1165 τῆς
599 1097 679 1165 αὐτῆς
693 1098 869 1174 προαιρέσεως
881 1096 968 1173 ἐγεγό-

191 1213 240 1250 νει.
284 1191 372 1249 Τοῦτο
384 1182 569 1260 καταμαθὼνό
582 1183 694 1249 Τύλλιος
707 1185 793 1243 οὐκέτι
807 1191 911 1262 παρῆκε
924 1184 969 1242 τόν

140 1301 166 1343 ιο
193 1279 299 1358 καιρόν,
317 1275 385 1334 tlte
400 1274 498 1340 πολλός
516 1275 603 1340 αὐτοῖς
622 1269 718 1331 εἰδέναι
738 1272 823 1351 φήσας
842 1273 968 1350 χάριτας,

191 1368 232 1429 ότι
242 1366 389 1441 μέμνηνται
398 1365 450 1420 τῶν
461 1364 624 1441 εὐεργεσιῶν,
635 1357 681 1417 καί
688 1358 727 1416 ίτι
738 1358 844 1417 πλείονα
855 1360 970 1437 ὑποσχό-

192 1477 267 1532 μενος
282 1453 367 1529 ἀγαθὰ
378 1450 514 1521 ποιήσειν,
530 1447 574 1507 tto
586 1448 663 1507 αὐτδν
675 1448 833 1516 ἀποδείξαντι
846 1446 969 1525 βασιλέα,

191 1550 314 1623 προεῖπεν
334 1539 436 1618 ἡμέραν
454 1539 646 1617 ἀρχαιρεσιῶν,
673 1539 710 1601 εἰς
732 1536 764 1607 ἣν
783 1536 904 1594 ἐκέλευσε
923 1535 969 1593 καὶ

191 1631 251 1696 τούς
270 1632 367 1687 ἐκτῶν
385 1629 471 1706 εἰγρῶν
487 1625 605 1693 ἅπαντας
619 1632 752 1704 παρεῖναι.
798 1622 969 1690 Συνελθόντος

138 1744 163 1783 ιο
190 1722 217 1778 δὲ
232 1727 277 1778 τού
290 1716 385 1794 δήμου,
396 1719 484 1773 καλῶν
497 1715 542 1780 τάς
557 1714 681 1795 φράτρας,
694 1712 763 1771 κατὰ
775 1711 837 1787 μίαν
853 1710 970 1770 ἀνεδίδου

192 1809 238 1875 τάς
253 1808 365 1888 Ι[νήφους.
408 1802 535 1870 Ἄπάσαις
548 1804 575 1861 δί
593 1802 650 1868 ταῖς
669 1801 797 1880 φράτραις
811 1799 907 1879 κριθεὶς
921 1805 970 1870 τῆς

191 1896 325 1978 βασιλείας
343 1892 427 1964 άξιος,
442 1890 648 1969 παραλαμύάνει
661 1892 719 1949 τότε
733 1890 781 1960 τήν
794 1889 880 1971 ἀρχήν
895 1889 970 1966 παρὰ

189 1990 235 2042 τοῦ
264 1984 406 2060 δημοτικοῦ
436 1979 568 2056 πλήθους,
581 1979 668 2038 πολλὰ
693 1981 797 2059 χαίρειν
826 1983 859 2056 τῇ
887 1979 969 2057 βουλῇ

190 2072 301 2153 φράσας,
322 2071 356 2142 ἣν
373 2071 421 2128 οὐκ
443 2068 553 2140 ἠξίωσεν
568 2071 732 2147 ἐπικυρῶσαι
757 2067 790 2126 τὰ
813 2072 859 2125 τοῦ
885 2066 970 2142 δήμου

136 2199 163 2239 ,0
189 2160 326 2241 κρίματα,
349 2156 439 2237 ῶσπερ
467 2159 533 2238 αὐτῇ
552 2166 634 2216 ποιεῖν
649 2156 704 2224 ἔθος
723 2148 767 2228 ἦν.
811 2159 914 2216 Τοῦτον
936 2156 969 2224 δὴ

191 2249 235 2308 τὐν
249 2245 347 2327 τρόπον
363 2246 407 2306 ἐπὶ
422 2246 468 2318 τήν
486 2246 622 2325 βασιλείαν
638 2243 793 2325 παρελθὼν,
804 2246 909 2304 πολλῶν
921 2244 969 2320 μὲν

191 2335 236 2395 καὶ
252 2336 340 2393 ἄλλων
360 2336 560 2412 πολιτευμάτων
585 2335 725 2411 εἰσηγητής
742 2332 862 2410 ἐγένετο,
885 2338 969 2412 μέγαν

191 2424 219 2485 δέ
235 2424 282 2483 καί
294 2425 373 2502 λόγου
391 2423 461 2492 άξιον
484 2422 633 2501 ἐπολέμησε
648 2420 712 2500 πρδς
722 2420 874 2499 Τυρρηνούς
888 2421 968 2480 πολε-

191 2535 251 2589 μον.
298 2512 449 2587 Ποιήσομαι
475 2511 502 2572 δί
516 2511 577 2595 περὶ
598 2514 658 2588 τῶν,
673 2511 873 2590 πολιτευμάτων
889 2511 969 2569 αὐτοῦ

136 2626 162 2665 ns
189 2604 295 2681 πρῶτον
307 2599 366 2667 τούς
379 2601 481 2679 λόγους.

230 2688 309 2751 xiil.
336 2690 418 2755 Ιίὐθύς
440 2687 497 2765 άμα
512 2690 550 2768 τῷ
565 2686 731 2768 παραλαόεῖν
742 2686 790 2761 τήν
801 2685 898 2767 ἀρχὴν,
912 2686 968 2746 tri·

190 2801 263 2856 νειμε
286 2780 332 2849 τήν
349 2778 478 2855 δημοσίαν
491 2779 581 2857 χώραν
597 2800 649 2844 τοις
661 2777 799 2848 θητεύουσι
812 2776 966 2853 Ῥωμαίων.

188 2863 306 2927 Ἔπειτα
322 2867 380 2931 τούς
394 2865 488 2943 νόμους
498 2865 556 2929 τούς
570 2889 599 2924 τε
614 2864 837 2932 συναλλακτικοὺς
850 2864 896 2923 καί
909 2863 969 2932 τούς

189 2953 250 3035 περὶ
277 2959 329 3014 τῶν
345 2954 519 3033 ἀδικημάτων
544 2953 695 3032 ἐπεκύρωσε
726 2958 783 3020 ταῖς
817 2955 968 3033 φράτραις·

135 3068 163 3108 so
189 3034 257 3116 ήσαν
271 3044 298 3103 δὲ
320 3043 483 3110 πεντήκοντά
507 3065 559 3100 που
585 3044 701 3118 μάλιστα
716 3044 762 3102 τόν
777 3043 906 3120 ἀριθμὸν,
933 3066 969 3100 ων

189 3133 263 3193 οὐδὲν
289 3133 380 3211 δέομαι
411 3137 559 3210 μεμνῆσθαι
586 3131 655 3188 κατά
678 3133 708 3189 τδ
734 3132 829 3210 παρόν.
874 3134 916 3211 Τῇ
939 3154 967 3189 τε

190 3223 266 3281 πόλει
281 3225 426 3300 προσέθηκε
442 3221 488 3280 δύο
509 3219 618 3297 λόφους,
633 3219 677 3278 τόν
690 3242 719 3277 τε
733 3219 907 3295 Οὐιμινάλιον
922 3241 969 3276 κα·

189 3310 314 3389 λούμενον
329 3312 373 3368 καί
388 3310 432 3370 τὸν
452 3309 624 3379 Ἐσκυλῖνον,
645 3296 681 3364 ῶν
698 3307 820 3388 ἑκάτερος
834 3306 968 3384 ἀξιολόγου

188 3399 290 3465 πόλεως
305 3397 361 3478 ἔχει
377 3398 499 3475 μέγεθος,
512 3396 557 3454 καὶ
577 3396 703 3470 διένειμεν
720 3394 813 3460 αὐτοὺς
828 3396 882 3462 τοῖς
905 3398 967 3453 οἰνι-

135 3516 163 3556 ος
190 3486 270 3555 στίοις
292 3487 435 3565 Ῥωμαίων
455 3485 538 3551 οἰκίας
563 3488 816 3544 κατασκευάσασθαι
839 3486 968 3558 ἐνταῦθα,

191 3578 237 3637 καί
257 3577 335 3643 αὐτὸς
349 3577 491 3647 ἐποιήσατο
503 3575 551 3644 τήν
565 3574 666 3645 οἴκησιν
680 3577 707 3633 ἐν
720 3578 758 3655 τῷ
775 3573 908 3654 κρατίστῳ
922 3580 969 3647 τῆς

191 3665 335 3733 Ἐσκυλίας
344 3669 424 3746 τόπῳ.
467 3655 572 3729 (λύτοςό
581 3662 703 3742 βασιλεὺς
713 3666 859 3730 τελευταῖος
869 3664 967 3737 ηύξησε

192 3757 236 3815 τὀν
251 3755 386 3834 περίόολον
402 3759 448 3825 τῆς
460 3752 643 3822 πόλεως,τυύς
659 3753 705 3812 δύο
718 3760 772 3819 τοῖς
786 3753 864 3811 πέντε
883 3777 968 3835 προσ·

194 3845 245 3910 θεὶς
253 3847 351 3924 λόφοις,
361 3840 575 3922 ὀρνιθευσάμενός
587 3864 624 3911 τε,
637 3844 673 3908 ῶς
682 3841 760 3916 νόμος
771 3832 816 3917 ip,
827 3841 872 3900 καὶ
882 3844 968 3902 τᾶλλα

193 3931 227 3988 τά
245 3934 308 4012 πρὸς
328 3932 398 3998 θεοὺς
413 3933 471 3990 όσια
491 3928 709 4010 διαπραξάμενος.
755 3931 919 4010 Προσωτέρω
940 3933 967 3991 δὲ

193 4019 280 4075 οὐκέτι
294 4022 421 4098 προῆλθεν
433 4023 449 4089 ἡ
461 4017 610 4088 κατασκευὴ
621 4022 667 4090 τῆς
679 4017 789 4088 πόλεως,
799 4020 845 4076 οὐκ
857 4021 967 4093 ἐῶντος,

193 4105 227 4172 ῶς
242 4131 318 4186 φασι,
337 4115 382 4166 τοῦ
397 4109 548 4184 δαιμονίου·
565 4109 624 4167 ἀλλ’
639 4106 709 4167 ἔστιν
730 4106 837 4166 ἅπαντα
851 4105 885 4165 τδι
906 4112 967 4189 περὶ

192 4195 241 4267 τήν
255 4197 329 4254 πόλιν
345 4197 483 4273 οἰκούμενα
498 4198 594 4279 χοιρία,
606 4197 671 4257 όντα
691 4196 779 4257 πολλὰ
793 4195 838 4255 καί
853 4197 967 4275 μεγάλα,

192 4285 279 4363 γυμνδι
299 4286 343 4342 καὶ
359 4286 506 4364 ἀτείχιστα,
522 4287 567 4346 καί
588 4291 672 4368 ῥᾷστα
694 4284 829 4358 πολεμίοις
851 4287 967 4342 ε’λθούσιν

101 4397 103 4402 “
138 4411 165 4449 45
195 4373 335 4455 ὑποχείρια
351 4373 546 4450 γενέσθαι·καί
562 4377 583 4434 εἰ
601 4375 648 4449 μέν
664 4379 699 4441 εἰς
710 4373 793 4433 ταῦτά
806 4396 844 4438 τις
860 4375 928 4453 δρῶν
939 4375 969 4432 τδ

193 4463 299 4541 μέγεθος
314 4461 439 4530 ἐξετάζειν
452 4463 608 4540 βουλήσεται
621 4468 669 4534 τῆς
684 4464 802 4537 Ῥώμης,
817 4464 969 4522 πλανᾶσθαί

193 4575 221 4612 τε
246 4551 488 4627 ἀναγκασθήσεται,
504 4553 548 4610 καί
577 4556 627 4634 οὐχ
651 4554 701 4623 ἔξει
728 4552 834 4631 βέόαιον
858 4553 968 4628 σημεῖον

192 4640 283 4713 οὐδὲν,
305 4631 327 4721 ᾧ
354 4640 526 4717 διαγνώσεται
547 4643 627 4721 μέχρι
654 4648 699 4701 τού
726 4641 905 4719 προόαίνουσα
930 4642 969 4700 ἔτι

136 3983 165 4024 θθ

193 4738 268 4802 πόλις
291 4738 363 4808 ἐστὶ,
388 4738 432 4795 καί
448 4737 526 4797 πόθεν
550 4741 660 4819 ἄρχεται
684 4739 779 4816 μηκέτι
799 4732 865 4799 εἶναι
879 4741 969 4805 πόλις·

137 4851 165 4891 συ
195 4828 264 4887 δύτω
289 4828 448 4910 συνύφανται
468 4828 497 4886 τὸ
519 4829 585 4887 άστυ
610 4829 737 4910 τῇχιίιρορ
767 4828 811 4888 καί
832 4832 867 4894 εἰς
892 4829 970 4887 όπει-

197 4940 240 4994 ρον
256 4918 471 4992 ἐκμηκυνομένης
490 4916 590 4984 πόλεως
610 4917 740 4996 ὑπόληψιν
761 4923 814 4982 τοῖς
833 4915 972 4990 θεωμένοις

196 5005 350 5083 παρέχεται.
368 5009 402 5068 Εἰ
416 5008 443 5066 δὲ
466 5009 503 5088 τῷ
523 5006 606 5087 τείχει
621 5009 658 5085 τῷ
682 5004 828 5082 δυσευρέτῳ
843 5004 890 5079 μίν
917 5002 972 5063 όντι

196 5091 238 5149 διδ
253 5094 298 5157 τὰς
319 5095 567 5172 περιλαμόανούσας
583 5094 646 5153 αὐτὸ
659 5092 822 5171 πολλαχόθεν
838 5090 971 5165 οἰκήσεις,

192 5177 254 5258 ίχνη
274 5181 302 5239 δέ
317 5204 375 5239 τινα
396 5183 552 5260 φυλάττοντι
573 5182 642 5242 κατὰ
673 5183 785 5248 πολλοὺς
806 5180 902 5248 τόπους
925 5184 971 5252 τῆς

712 343 882 404 DIONYSll
903 345 1282 409 nnnlcnnnltssnn'sts

1055 489 1111 538 llll.
1127 492 1187 540 tirso
1203 502 1233 540 eo
1250 489 1347 540 dicente
1362 490 1388 540 et
1407 490 1440 541 de
1455 490 1573 542 tribunali
1586 492 1736 547 descendere
1754 496 1803 547 iam

1025 591 1133 651 parante,
1148 588 1279 638 clamorem
1289 586 1412 653 ingentem
1419 602 1506 640 omncs
1518 590 1680 649 sustulerunt,
1695 607 1803 657 cumque

1025 686 1118 750 precari
1125 700 1181 736 cum
1195 686 1303 737 lacrimis
1317 690 1448 752 coepernut
1461 691 1489 737 nt
1503 692 1623 750 maneret,
1639 695 1664 741 et
1677 693 1802 745 neminem

1024 789 1139 836 metuens
1174 785 1315 849 reipublice
1350 786 1518 849 gubernacula
1548 789 1673 841 retineret.
1707 791 1803 844 Deinde

1024 878 1125 943 quidam
1138 878 1265 930 subornati
1279 880 1304 930 in
1317 881 1392 931 variis
1415 881 1462 931 lori
1475 882 1587 946 partibus
1602 885 1802 953 vociterabantur

1023 991 1081 1028 eum
1090 992 1172 1041 regern
1184 979 1325 1039 creandum,
1336 984 1362 1030 et
1375 981 1491 1044 petebant
1503 985 1532 1031 ut
1543 982 1621 1033 curiae
1633 998 1802 1037 convocaren-

1023 1080 1073 1135 tur,
1083 1081 1108 1127 et
1117 1077 1273 1141 postulabant
1279 1081 1307 1128 ut
1318 1078 1343 1128 in
1352 1078 1472 1141 sutfragia
1483 1079 1648 1134 mitterentur.
1682 1085 1804 1147 ltquibus

1023 1174 1093 1225 initio
1107 1176 1191 1235 boto,
1209 1189 1267 1226 mox
1283 1176 1353 1242 plebs
1370 1178 1486 1227 universa
1500 1177 1524 1227 iu
1536 1179 1640 1228 eandem
1654 1183 1803 1233 sententiam

1023 1273 1158 1325 inclinarit.
1188 1275 1242 1325 linc
1261 1275 1408 1339 recognita.
1425 1275 1520 1326 Tullius
1534 1290 1582 1327 nou
1605 1279 1712 1343 amplius
1727 1282 1803 1332 tatem

1023 1370 1176 1420 orcasmuem
1186 1370 1251 1422 elabi
1266 1385 1354 1436 passus
1371 1375 1425 1434 est;
1446 1372 1500 1432 sed,
1512 1387 1570 1424 cum
1584 1387 1697 1440 magnam
1714 1390 1741 1427 se
1753 1377 1803 1429 illis

1023 1467 1116 1519 babere
1139 1467 1243 1531 gratiam
1257 1468 1334 1528 dixit,
1352 1468 1421 1535 quod
1449 1469 1627 1522 bmelcimum
1643 1479 1802 1539 acceptorum

1022 1564 1106 1611 cssom
1118 1574 1248 1620 memores,
1269 1562 1340 1626 longe
1362 1563 1433 1625 plura
1457 1564 1596 1629 pollicitus,
1626 1566 1648 1616 si
1672 1580 1700 1617 se
1719 1580 1802 1629 rogem

1022 1657 1163 1716 creassent,
1177 1660 1201 1705 et
1211 1654 1277 1706 diem
1292 1656 1449 1708 comitiorum
1468 1658 1576 1720 indixit,
1594 1659 1711 1727 adquam
1726 1662 1802 1713 ctiam

1022 1763 1107 1799 omues
1121 1763 1150 1800 σι
1166 1750 1232 1812 egris
1247 1750 1332 1802 venire
1350 1751 1428 1803 iussit.
1451 1748 1529 1804 'Gurn
1546 1754 1621 1818 igitur
1634 1756 1740 1820 populus
1755 1770 1801 1806 cu·

1024 1844 1105 1893 rtatim
1122 1845 1287 1905 conrcnisset,
1309 1845 1411 1911 siugulis
1428 1847 1504 1898 curiis
1528 1849 1649 1914 sutfragia
1664 1849 1801 1902 distribuit.

1023 1939 1231 1991 Omnlnmautcm
1243 1941 1370 2004 suffragiis
1382 1954 1457 2005 regno
1470 1942 1560 2007 dignus
1570 1944 1695 1995 iudicatus
1705 1960 1719 1996 a
1731 1946 1802 2011 plebe

1023 2049 1126 2098 regnum
1136 2038 1242 2102 accepit.
1261 2039 1374 2102 putribus
1386 2039 1532 2103 conscriptis
1545 2039 1627 2091 valere
1641 2041 1724 2102 iussis,
1739 2057 1802 2107 quos

1023 2131 1145 2196 plebisciti
1159 2137 1274 2184 auctores
1291 2133 1344 2184 lieri
1361 2139 1389 2185 ut
1407 2136 1487 2185 tamne
1502 2135 1617 2186 solebant
1629 2138 1716 2189 noluit.
1750 2141 1803 2188 llor.

1024 2227 1097 2289 igitur
1121 2227 1196 2277 modo
1223 2242 1299 2293 regno
1318 2228 1424 2293 potitus.
1447 2232 1538 2292 proter
1565 2230 1643 2280 multa
1669 2231 1727 2289 alin,
1744 2245 1802 2295 qum

1022 2323 1048 2374 iu
1073 2324 1198 2388 republica
1217 2326 1336 2389 praeclare
1351 2324 1468 2386 instituit,
1481 2338 1598 2389 magnum
1616 2326 1691 2376 etium
1712 2328 1738 2376 ct
1751 2340 1803 2377 mc

1023 2419 1141 2470 mamone
1155 2418 1247 2471 bellum
1269 2433 1327 2470 cum
1344 2419 1456 2471 Etruscis
1468 2421 1554 2484 gessit.
1580 2420 1631 2471 sed
1649 2420 1757 2485 primum
1771 2421 1803 2473 de

1023 2511 1099 2562 rebus
1124 2525 1189 2576 quas
1205 2512 1230 2561 in
1243 2513 1387 2577 reipublice
1395 2512 1605 2566 administratione
1619 2515 1678 2579 egit,
1695 2517 1803 2567 mantio·

1022 2619 1079 2658 nem
1104 2606 1200 2657 taciem.

1055 2713 1120 2764 lllll.
1139 2713 1227 2763 Statim
1235 2713 1385 2777 simulatque
1398 2713 1530 2780 imperium
1542 2714 1648 2779 adeptus
1656 2720 1704 2778 est,
1718 2730 1804 2782 agrum

1022 2815 1153 2880 publicum
1163 2815 1248 2867 divisit
1261 2816 1356 2867 cluibus
1367 2818 1491 2879 ltomanis,
1503 2820 1546 2883 qni
1559 2819 1592 2870 ob
1608 2823 1740 2883 egestatem
1751 2820 1804 2870 aliis

1023 2920 1138 2971 mercede
1157 2920 1312 2981 serviebant3
1338 2920 1427 2972 deinde
1445 2922 1512 2987 leges
1533 2922 1565 2973 de
1590 2923 1757 2974 contractibus
1778 2928 1804 2975 et
1881 2950 1884 2955 ·

936 3033 953 3068 τ
1024 3023 1120 3075 iniuriis
1142 3024 1208 3083 tulit,
1229 3037 1291 3087 quus
1306 3024 1408 3075 curiatis
1426 3026 1532 3077 comitiis
1548 3029 1616 3077 ratas
1629 3027 1695 3078 lecit.
1729 3029 1805 3078 Erant

1023 3125 1107 3172 nutam
1132 3120 1316 3185 quinquaginta,
1341 3135 1447 3186 quarum
1466 3124 1616 3176 mentionem
1638 3126 1719 3175 tacere
1739 3138 1805 3176 nuuc

1022 3218 1123 3282 quidem
1138 3233 1186 3269 non
1200 3232 1263 3282 opus
1273 3223 1317 3270 cst.
1359 3220 1420 3270 Urbi
1433 3221 1529 3271 addidit
1545 3221 1609 3273 duros
1628 3223 1713 3283 colles,
1729 3224 1805 3274 t’imi·

1023 3316 1104 3367 nalem
1118 3320 1141 3366 at
1160 3316 1329 3379 Esquilinum,
1345 3330 1451 3380 quorum
1471 3321 1576 3382 uterque
1590 3323 1629 3370 est
1647 3320 1717 3369 toste
1736 3320 1805 3371 urbis

1023 3415 1206 3481 magnitudine,
1223 3429 1315 3481 eosque
1330 3414 1416 3466 urrisu
1440 3416 1536 3466 orions
1550 3418 1675 3475 ltomauis,
1696 3417 1805 3479 quisine

1024 3515 1117 3566 laribus
1131 3518 1211 3573 erant,
1237 3516 1265 3563 nt
1289 3513 1322 3563 ibi
1345 3513 1414 3564 edes
1430 3513 1595 3576 aedificarent,
1620 3517 1645 3565 ct
1669 3514 1721 3578 ipse
1745 3528 1806 3578 quo·

1023 3627 1072 3678 que
1082 3613 1117 3663 ibi
1132 3611 1203 3663 sedes
1217 3624 1276 3662 suas
1289 3611 1368 3676 posuit
1381 3611 1405 3661 in
1414 3609 1550 3661 editissimo
1565 3610 1731 3675 Esquiliarum
1740 3612 1807 3669 loco.

1024 3714 1070 3763 liic
1083 3726 1128 3763 rex
1141 3715 1282 3775 postremus
1290 3709 1360 3760 urbis
1375 3709 1493 3760 ambitum
1506 3710 1585 3768 auxit,
1600 3710 1692 3762 additis
1707 3713 1805 3765 duobus

1024 3811 1064 3862 liis
1073 3809 1176 3861 collibus
1192 3809 1225 3860 nd
1238 3809 1348 3873 quinque
1360 3808 1415 3858 illos
1432 3808 1579 3871 superiores,
1594 3811 1723 3874 auspicato
1736 3815 1762 3864 et
1776 3824 1804 3863 re

1024 3908 1157 3962 divinant
1177 3921 1231 3956 mos
1254 3906 1356 3964 terebat,
1379 3904 1425 3955 rite
1451 3909 1557 3968 peracre
1591 3884 1702 3959 Ulterius
1720 3912 1804 3960 sutem

1023 4004 1093 4055 urbis
1106 4002 1213 4052 ambitus
1232 4016 1280 4052 non
1304 4002 1439 4066 processit.
1459 4002 1516 4063 deo,
1535 4008 1564 4054 ut
1580 4006 1659 4062 aiunt,
1683 4020 1732 4056 non
1750 4020 1804 4072 per·

1022 4103 1135 4154 mittcnte
1146 4118 1152 4149 z
1164 4100 1205 4149 sed
1216 4100 1296 4149 omnia
1307 4099 1433 4160 suburbia,
1444 4113 1500 4163 qum
1513 4102 1584 4166 longe
1592 4102 1691 4166 latoque
1706 4108 1800 4168 patent,

1023 4203 1123 4268 penitus
1135 4199 1201 4249 nuria
1211 4201 1237 4248 et
1246 4199 1376 4248 immunita
1390 4203 1462 4251 sunt.
1474 4204 1499 4250 et
1513 4199 1545 4250 ab
1560 4199 1675 4251 hostibus
1689 4201 1803 4253 lucillime

1023 4303 1048 4353 in
1059 4302 1207 4365 potestatem
1222 4297 1299 4362 redigi
1311 4302 1431 4362 possunt3
1450 4301 1476 4348 ct
1489 4298 1508 4348 si
1521 4299 1578 4362 quis
1595 4299 1648 4349 hnc
1661 4299 1801 4363 adspiciens

1024 4404 1107 4451 ltomae
1115 4398 1300 4462 amplitudinem
1311 4397 1425 4458 colligere
1436 4395 1503 4456 nelit,
1513 4398 1597 4460 procul
1608 4395 1684 4448 dubio
1696 4399 1804 4461 falletur,

1026 4514 1105 4563 neque
1124 4503 1220 4549 certum
1242 4497 1320 4547 ullum
1344 4496 1441 4559 signnm
1467 4495 1582 4558 habebit,
1601 4511 1651 4560 quo
1677 4497 1806 4562 dignoscat

1025 4609 1155 4658 quousque
1168 4594 1228 4643 urbs
1247 4592 1427 4658 progredietur,
1444 4595 1468 4641 ct
1480 4592 1522 4642 ubi
1540 4593 1601 4643 urbs
1614 4608 1669 4644 csse
1685 4595 1802 4646 desinat:

1027 4692 1089 4742 adco
1100 4705 1158 4742 cum
1167 4690 1270 4741 urbanis
1284 4688 1395 4740 milliariis
1412 4688 1465 4752 ipsa
1483 4689 1602 4739 suburbia
1618 4703 1682 4740 nexu
1695 4692 1804 4754 quodam

1027 4797 1146 4859 pcrpetuo
1158 4789 1282 4840 cobserent
1295 4829 1300 4850 ,
1314 4794 1339 4840 et
1358 4789 1540 4853 spectatoribus
1553 4790 1621 4839 urbis
1642 4790 1666 4839 in
1678 4789 1802 4840 inlinitum

1027 4890 1202 4955 longitudinem
1220 4893 1342 4953 porrectio
1355 4892 1466 4954 speciem
1491 4893 1515 4938 et
1531 4889 1667 4953 opinionem
1685 4887 1805 4951 prebent.

1027 4986 1100 5047 Quod
1108 4986 1129 5036 si
1138 5001 1196 5038 nero
1205 4986 1261 5050 quis
1267 4986 1428 5050 amplitudine
1438 4999 1576 5047 murorum,
1587 4987 1629 5050 qui
1638 4986 1738 5037 tureutu
1746 4986 1804 5048 qni·

1027 5083 1804 5147 demdilsrcilessnutobmultamditiciacohmrontiactnudiquc

1027 5188 1164 5245 exstructa,
1177 5184 1221 5235 sed
1236 5185 1322 5236 multis
1333 5184 1356 5233 in
1373 5184 1431 5236 locis
1447 5184 1548 5248 vestigia
1562 5185 1654 5236 veteris
1670 5185 1803 5234 stmnturae
