3772 5828
616 292 911 395 anareurmuun
931 320 1077 381 nonan.
1100 320 1171 381 aru.
1200 322 1236 381 ιι.

113 460 254 542 γράφοντες
266 461 375 518 ἑκοῦσαν
389 460 527 532 ὑπομεῖναι
543 454 647 533 λε’γουσι
660 453 727 530 μετὰ
748 452 883 533 θυγατρός·

115 548 281 625 ἁρπασθῆναι
308 544 359 622 γδρ
388 543 420 615 δὴ
440 544 562 613 κάκείνης
595 543 726 621 θυγάτίρα
746 545 884 618 μονογενῆ.

115 634 161 700 Ὦς
179 634 206 693 δὲ
224 633 323 703 ταύτην
335 633 411 710 ίσχον
431 630 479 704 τήν
499 629 607 709 γνώμην
628 632 655 688 αἱ
675 633 803 707 γυναῖκες,
823 621 887 700 ἧκον

114 724 157 782 lat
176 723 206 789 τδ
232 720 365 799 συνίδριον
391 719 437 778 καὶ
460 723 587 799 τυχοῦσαι
605 719 683 794 λόγου
706 717 808 795 μακράς
832 715 886 784 ἐξί-

71 838 86 874 ε
112 834 198 870 τειναν
217 810 329 881 δεήσεις,
345 804 487 884 δπιτροπλν
510 806 627 874 ἀξιοῦσαι
648 804 738 864 λαθεῖν
758 808 805 874 τῆς
823 804 887 881 πρὸς

112 899 170 966 τοὺς
197 900 327 975 συγγενεῖς
345 895 449 971 ίξδδου,
469 894 567 961 πολλάς
596 893 641 953 καί
662 892 760 970 άγαθδις
779 893 887 958 ἐλπίδας

112 987 183 1067 ἔχειν
215 986 338 1062 λέγουσαι
365 982 426 1063 περὶ
455 987 501 1041 τοῦ
521 981 639 1050 συνάξειν
667 983 702 1048 είς
722 981 748 1040 ἓν
772 979 806 1039 τδ
827 979 887 1052 ἔθνη

113 1076 160 1133 καὶ
180 1074 296 1143 ποιήσειν
314 1071 398 1153 ρίλια.
429 1069 479 1138 Ὣς
503 1070 529 1129 δὲ
550 1070 626 1129 ταῦτ’
644 1069 760 1142 ἤκουσαν
780 1072 803 1127 cl
824 1092 887 1127 συν-

115 1161 258 1240 εδρεύοντες
286 1162 323 1239 τῷ
344 1161 463 1239 βασιλεῖ,
491 1158 590 1238 σρόδρα
612 1157 634 1215 τ’
654 1160 823 1234 ἠγάσθησαν,
842 1158 887 1215 καὶ

60 1275 85 1315 ιο
112 1252 192 1330 πόρον
209 1253 245 1316 ὡς
264 1251 291 1307 tv
312 1247 459 1328 ἀμηχάνοις
481 1247 620 1324 πράγμασι
649 1254 738 1306 τοῦτον
757 1245 888 1304 ύπίλαύον

112 1331 178 1399 εἶναι
198 1337 289 1417 μόνον.
332 1336 437 1397 Γίνεται
457 1333 489 1406 tl,
507 1334 573 1409 μετά
588 1340 663 1394 τοῦτο
682 1333 767 1411 δόγμα
788 1334 886 1393 τοιόνδε

114 1431 222 1505 βουλῆς·
253 1426 313 1485 δσαι
341 1429 388 1484 τοῦ
418 1424 539 1485 Σαόίνων
568 1424 656 1501 γένους
684 1415 751 1496 ήσαν
780 1423 887 1503 ίχουσαι

112 1516 208 1590 τίκνα,
238 1514 346 1580 ταύταις
376 1513 493 1582 ἰξουσίαν
522 1501 588 1571 εἶναι
620 1511 826 1578 καταλιπούσαις
854 1509 888 1567 τδι

113 1607 191 1665 τέκνα
206 1605 279 1682 παρά
298 1607 351 1669 τοῖς
372 1602 481 1682 ἀνδράσι
500 1602 654 1680 πρεσόεύειν
674 1604 709 1668 ὡς
728 1601 787 1668 τούς
807 1604 887 1677 θμοε·

61 1714 86 1751 ιε
113 1699 192 1759 θνεῑς·
215 1693 275 1750 δσαι
295 1688 322 1748 δὲ
342 1689 467 1748 πλειόνων
486 1691 588 1747 παίδων
608 1686 718 1769 μητέρες
737 1681 805 1760 ήσον
818 1687 886 1747 ἐπά-

112 1786 205 1858 γεσθαι
225 1784 320 1858 μοῖραν
347 1776 374 1846 ίξ
402 1779 487 1836 αὐτῶν
507 1778 677 1850 δσηυδήτινα,
697 1777 742 1836 καλ
765 1776 887 1855 πράττειν

113 1868 183 1935 ὅπως
203 1873 238 1935 είς
266 1867 352 1947 φιλίαν
382 1866 518 1934 συνάξουσι
545 1865 578 1923 τά
607 1869 678 1938 ἔθνη.
722 1864 799 1926 Μετὰ
818 1865 888 1923 τοῦτ’

118 1957 225 2037 ἐξῄεσαν
248 1959 356 2027 ἐσθῆτας
375 1954 483 2034 ἔχουσαι
502 1956 657 2031 πενθίμους,
677 1955 742 2017 τινὲς
761 1953 783 2013 δ’
804 1954 888 2017 αὐτῶν

115 2046 161 2104 καί
189 2046 267 2104 τέκνα
286 2045 359 2115 νήπι’
379 2043 550 2122 ἐπαγόμεναι.
594 2043 642 2111 Ὡς
671 2043 695 2102 δ’
717 2045 753 2110 εἷς
771 2043 815 2102 τὸν
833 2042 890 2122 χοί-

57 2150 86 2187 το
115 2156 183 2210 ρακα
211 2137 263 2194 τῶν
293 2133 416 2194 Σαύίνων
445 2133 575 2210 προῆλθον
604 2132 758 2212 ὀδυρόμεναί
787 2155 816 2190 τε
844 2131 890 2189 καί

112 2222 325 2300 προσπίπτουσαι
352 2228 419 2292 τοῖς,
436 2219 559 2278 ἁπάντων
579 2219 681 2294 γόνασι,
702 2217 784 2278 πολύν
803 2209 889 2277 οἶκτον

113 2313 142 2368 ἐκ
163 2312 214 2367 τῶν
247 2309 367 2389 δρώντων
397 2307 533 2378 ἐκίνησαν,
562 2306 607 2365 καί
633 2307 666 2364 τδι
690 2308 791 2387 δάκρυα
810 2308 889 2366 κοιτί-

112 2420 168 2476 χειν
187 2398 270 2463 οὐδεὶς
292 2397 381 2462 ίκανδς
400 2387 442 2465 ήν.
485 2392 662 2471 Συναχθίντος
689 2395 711 2451 δ’
733 2397 824 2460 αὐτοῖς
842 2399 887 2453 τοῦ

114 2484 247 2562 συνεδρίου
267 2487 319 2542 τῶν
338 2480 505 2561 προόούλων,
531 2480 577 2537 καί
598 2479 767 2547 κελεύσαντος
780 2485 825 2538 τοῦ
843 2484 890 2559 βα·

55 2586 85 2624 tt
117 2570 209 2637 σιλίως
231 2571 297 2649 θπίρ
317 2563 353 2629 ὧν
376 2568 471 2640 ἥκουσι
495 2568 592 2644 λέγειν,
612 2572 630 2637 ἡ
650 2573 695 2627 τοῦ
716 2568 891 2647 βουλεύματος

119 2656 220 2734 ἄρξασα
239 2658 285 2720 καλ
313 2656 359 2730 τήν
387 2655 529 2738 ἠγεμονίαν
558 2655 655 2734 ίχουσα
684 2661 729 2728 τῆς
751 2656 890 2735 πρεσόείας

119 2743 243 2824 Ἑρσιλία
279 2746 382 2826 μακράν
413 2745 459 2804 καὶ
493 2748 618 2820 συμπαθῆ
647 2744 761 2815 διεξῆλθε
791 2746 889 2819 δέησιν,

116 2834 225 2902 ἀξιοῦσα
235 2834 397 2915 χαρίσασθαι
417 2834 464 2904 τήν
483 2833 586 2912 εἰρήνην
607 2842 662 2902 ταῖς
676 2833 886 2914 δεομίναιςύπίρ

111 2927 164 2981 τῶν
184 2925 285 3002 ἀνδρῶν
292 2969 301 2994 ,
327 2924 360 2981 δι’
382 2922 412 2989 te
431 2910 599 3000 δξενηνίχθαι
619 2923 663 2982 τόν
686 2923 799 2997 πόλεμον
824 2922 888 2981 dal·

57 3028 85 3067 συ
112 3035 214 3092 ραινεν·
236 3013 278 3092 ἐρ’
298 3003 335 3078 οἷς
360 3010 387 3070 δὲ
407 3009 561 3087 γενήσονται
581 3010 687 3078 δικαίοις
698 3013 726 3069 αἱ
746 3009 887 3088 διαλύσεις,

113 3099 171 3167 τοὺς
189 3101 320 3176 ἡγεμόνας
340 3099 433 3166 αὐτοὺς
461 3098 630 3165 συνελθόντας
653 3099 694 3179 ἐρ’
713 3102 813 3158 ἑαυτῶν
833 3101 888 3157 διο·

115 3187 324 3262 μολογήσασθαι,
352 3187 416 3266 πρὸς
442 3185 472 3244 εδ
499 3191 573 3265 κοινῇ
599 3190 730 3268 συμρέρον
759 3191 887 3266 δρῶντας.

152 3276 251 3337 XLVI.
262 3277 369 3336 'l'orabr’
381 3279 499 3334 εἰποῦσαι
507 3274 653 3355 προύπεσον
664 3274 768 3334 ἅπασαι
780 3279 832 3333 τῶν
844 3280 888 3333 τοῦ

115 3364 240 3439 βασιλίως
250 3362 364 3442 γονάτων
380 3360 436 3438 ἅμα
451 3373 504 3433 τοῖς
524 3364 635 3431 τέκνοις,
650 3362 695 3421 καλ
709 3362 825 3438 διέμενον
848 3365 890 3442 ἔρ·

58 3468 86 3506 σε
115 3451 237 3527 ριμμίναι
246 3450 310 3517 τίως
321 3449 466 3523 άνίστησαν
476 3453 557 3517 αὗτδις
565 3455 645 3523 ἕκτής
658 3455 705 3530 γῆς
720 3453 744 3510 οἱ
754 3453 889 3529 παρόντες,

118 3537 222 3597 ἅπαντα
241 3540 357 3611 ποιήσειν
381 3540 414 3598 τά
441 3540 534 3622 μέτρια
559 3541 605 3599 καί
623 3538 721 3599 δυνατά
742 3538 887 3617 ὑπισχνού-

118 3650 201 3702 μενοι.
241 3629 476 3705 Μεταστησοίμινοι
496 3632 519 3687 δ’
540 3627 620 3693 αὐτδις
639 3631 669 3686 ἐκ
687 3632 732 3684 τοῦ
755 3627 888 3704 συνεδρίου

119 3713 165 3773 καί
193 3714 393 3792 βουλευσόμενοι
422 3721 479 3775 καθ’
504 3715 609 3781 ἑαυτοὺς
631 3714 735 3791 ἔκριναν
758 3718 886 3773 ποιεῖσθαι

116 3802 164 3868 τὰς
174 3804 325 3880 διαλλαγάς.
368 3805 424 3865 Καὶ
438 3806 553 3884 γίνονται
570 3809 623 3870 τοῖς
640 3804 737 3863 ἔθνεσιν
748 3805 886 3883 ἐκεχειρίαι

59 3915 87 3954 ει)
115 3890 164 3966 μὲν
197 3894 315 3971 πρῶτον,
348 3893 438 3952 ἔπειτα
473 3892 646 3952 συνελθόντων
679 3895 731 3950 τῶν
760 3892 884 3970 βασιλίωι

115 3982 242 4048 συνθῆκαι
259 3980 320 4061 περί
339 3982 437 4061 φιλίας.
480 3973 534 4042 Ἧν
555 3983 582 4042 δὲ
597 3982 630 4040 τδι
646 3981 888 4057 συνομολογηθέντα

114 4076 167 4135 τοῖς
176 4067 300 4147 ἀνδράσι,
310 4093 343 4128 πε
360 4060 418 4128 labe
428 4071 486 4135 τοὺς
497 4073 587 4150 δρκους
598 4072 770 4141 ἐποιήσαντο,
782 4070 869 4129 τοιάδε
881 4096 889 4110 ·

117 4156 240 4233 βασιλέας
258 4156 306 4233 μίν
323 4093 391 4216 aleas
410 4156 553 4235 Ῥωμαίων
570 4157 706 4234 Ῥωμύλον
726 4158 772 4216 καί
790 4159 887 4218 Τάτιον

116 4243 258 4324 ίσοβήρους
282 4244 358 4312 ὄντας
376 4245 421 4305 καί
444 4245 523 4323 τιμδις
543 4247 739 4325 καρπουμένους
753 4247 800 4313 τδις
820 4245 888 4315 ίσας·

64 4353 90 4390 ιε
116 4335 252 4392 καλεῖσθαι
273 4334 300 4392 δὲ
318 4334 367 4404 τήν
389 4335 436 4413 μίν
466 4336 541 4395 πολιν
571 4336 613 4394 ἐπὶ
638 4342 683 4395 τοῦ
703 4335 841 4401 κτίσαντος
859 4336 888 4395 τδ

117 4421 180 4479 αθτδ
200 4423 382 4500 φυλάττουσαν
408 4422 491 4499 ὄνομα
511 4423 635 4499 Ῥώμην,
657 4424 702 4483 καλ
722 4422 759 4482 ἕν’
779 4426 888 4483 ἕκαστον

116 4511 168 4565 τῶν
189 4512 216 4568 ἐν
237 4511 302 4589 αὐτῇ
322 4512 436 4568 πολιτῶν
455 4511 598 4586 Ῥωμαῖον,
622 4517 656 4579 ὡς
676 4513 811 4591 πρότερον,
830 4509 890 4579 τοὺς

116 4593 144 4653 dl
164 4599 320 4672 σύμπαντας
339 4601 383 4657 ἐπὶ
403 4604 448 4670 τῆς
460 4601 560 4659 Τατίου
580 4601 704 4678 πατρίδος
723 4605 796 4679 κοινῇ
813 4623 888 4678 περι-

116 4682 334 4760 λαμδανομένους
352 4686 445 4758 κλήσει
464 4688 595 4766 Κυρίτας·
621 4689 765 4748 πολιτεύειν
785 4689 813 4748 δὲ
831 4689 889 4755 τοὺς

68 4794 94 4834 aa
117 4772 288 4850 βουλομένους
306 4773 429 4834 Σαύίνων
447 4777 474 4833 ἔν
491 4774 601 4854 Ῥώμη,
617 4777 674 4855 ἱερά
685 4801 713 4836 τε
732 4800 886 4853 συνενεγκα-

117 4860 207 4934 μένους
226 4861 272 4918 καί
291 4863 327 4929 εἰς
347 4862 429 4942 ρυλδις
448 4864 493 4921 καὶ
516 4866 552 4930 εἰς
571 4865 687 4944 ρροίτρας
705 4866 889 4943 δπιδιαιρεθέν·

117 4970 171 5015 τας.
214 4951 299 5008 Ταῦτ’
323 4949 465 5028 ὀμόσαντες
484 4951 529 5009 καλ
550 4953 654 5031 βωμοὺς
673 4950 717 5012 tat
736 4953 788 5020 τοῖς
803 4953 888 5032 ὅρκοις

116 5034 284 5114 ἱδρυσάμενοι
305 5037 374 5096 κατδ
403 5038 486 5115 μίσην
515 5041 629 5117 μάλιστα
658 5040 705 5113 τήν
724 5040 888 5117 καλουμένην

115 5122 186 5202 ίερίιν
206 5125 265 5185 δδδν
302 5124 527 5206 συνεκεράσθησαν
549 5128 682 5202 ἀλλήλοις,
713 5128 758 5188 καί
791 5132 814 5187 οἱ
839 5136 886 5202 μὲν

1660 327 1714 387 aar
1789 286 1792 291 ⁴

941 459 1058 522 uirginem
1075 464 1170 523 raptam
1189 460 1265 510 luisse
1286 479 1292 507 :
1310 461 1355 510 sed
1376 461 1418 527 qui
1436 463 1546 525 proxime
1566 465 1598 513 ad
1625 466 1723 517 verita·

940 550 990 598 lem
1010 548 1144 609 accedunt,
1169 562 1223 598 earn
1246 553 1333 611 sponte
1353 564 1410 599 curn
1432 550 1482 599 tilia
1500 550 1525 600 in
1543 553 1603 602 urbe
1621 568 1719 605 reman-

941 639 1002 687 sisse
1029 636 1143 696 lradunt;
1169 640 1264 699 raptam
1281 638 1345 688 enim
1365 651 1420 687 esse
1441 638 1511 688 illius
1526 653 1626 704 quoque
1644 641 1717 692 liliam

941 727 1047 776 unicam.
1082 727 1143 776 Cum
1157 725 1232 788 igitur
1250 726 1366 776 mulieres
1385 725 1432 775 boc
1451 726 1582 777 consilium
1596 727 1715 788 iniissent,

941 817 966 865 in
978 819 1092 866 senatum
1104 821 1240 874 venerunt,
1255 818 1281 866 et
1303 815 1433 879 impetrata
1451 815 1550 866 dicendi
1562 815 1633 879 copia
1653 817 1718 866 mul·

942 903 974 954 tis
1003 903 1117 966 precibus
1138 916 1190 952 usae
1215 907 1288 963 sunt,
1315 906 1426 964 petentes
1446 906 1476 953 ut
1502 902 1550 953 sibi
1570 902 1601 953 ad
1618 908 1717 968 'cogna-

941 996 981 1041 tos
992 991 1060 1042 exire
1074 991 1272 1054 permitteretru3
1294 990 1408 1042 dicebaut
1425 992 1491 1043 enim
1514 1005 1542 1058 se
1555 993 1720 1043 certissimam

941 1093 1010 1143 spem
1040 1080 1148 1144 cepisse,
1173 1080 1225 1129 lore
1253 1083 1281 1129 ut
1306 1082 1392 1141 gentes
1421 1081 1446 1131 in
1477 1095 1552 1131 unam
1587 1081 1721 1132 contrabe-

941 1169 996 1215 rcnt
1016 1169 1043 1216 et
1061 1163 1193 1215 amicitiam
1217 1165 1280 1215 inter
1303 1168 1434 1231 utramque
1457 1167 1620 1218 conciliarent.
1655 1171 1716 1226 Quae

942 1267 999 1304 cum
1019 1254 1145 1303 audissent
1165 1253 1230 1315 regis
1254 1252 1371 1312 comites,
1393 1255 1550 1304 veliementer
1565 1257 1641 1307 lutati
1662 1262 1721 1309 sunt

943 1345 969 1392 et
982 1341 1152 1391 eristirnamnt
1163 1345 1190 1392 ut
1201 1343 1226 1392 in
1248 1343 1321 1392 rebns
1336 1341 1472 1406 desperatis
1489 1345 1552 1394 banc
1572 1348 1650 1396 solam
1666 1360 1720 1397 essa

942 1429 1062 1479 rationem
1077 1443 1127 1494 qua
1140 1443 1166 1479 se
1178 1430 1330 1494 expedirent.
1366 1434 1455 1481 Postea
1473 1432 1549 1494 igitur
1560 1438 1719 1485 senatuscon-

943 1519 1037 1567 sultum
1048 1520 1141 1567 lactrrm
1157 1523 1211 1579 est,
1235 1522 1263 1568 ut
1281 1523 1405 1583 quotquot
1425 1520 1505 1585 gentis
1522 1520 1616 1580 Sabinae
1631 1523 1720 1574 liberos
1820 1540 1823 1544 ·

942 1606 1073 1666 baberent,
1088 1607 1125 1657 eis
1143 1607 1243 1666 liceret,
1268 1606 1325 1657 liliis
1340 1609 1405 1672 apud
1423 1611 1524 1660 maritos
1544 1624 1603 1660 suos
1618 1612 1722 1678 relictis,

943 1694 1086 1756 legationem
1102 1693 1133 1743 ad
1147 1695 1248 1755 gentiles
1263 1695 1331 1744 obire
1343 1713 1349 1744 :
1363 1710 1419 1759 qma
1434 1710 1492 1746 vero
1504 1697 1614 1760 plurium
1629 1699 1721 1750 llbero-

943 1796 997 1830 rnm
1024 1785 1106 1831 essent
1128 1783 1232 1843 matres,
1257 1796 1341 1832 secum
1361 1785 1480 1835 ducerent
1506 1800 1593 1837 eorum
1625 1792 1721 1851 partem

943 1873 1157 1933 quantamcunque
1175 1871 1326 1931 voluissent,
1346 1876 1372 1922 et
1394 1873 1480 1923 darent
1495 1887 1595 1938 opernm
1609 1881 1638 1927 ut
1657 1878 1722 1927 inter

944 1962 1027 2022 gentes
1040 1959 1173 2009 amicitiam
1187 1960 1353 2012 conciliarent.
1386 1961 1447 2012 Inde
1460 1976 1563 2027 egressae
1579 1968 1638 2014 sunl
1653 1970 1722 2017 veste

944 2046 1042 2111 lugubri
1061 2047 1164 2106 induta,
1180 2051 1205 2097 et
1227 2048 1351 2098 nonnullae
1370 2049 1474 2101 intentes
1498 2064 1582 2102 secum
1605 2053 1719 2106 terentes.

945 2137 1099 2185 comantem
1112 2136 1142 2185 ad
1159 2135 1305 2187 Sabinorum
1318 2139 1399 2186 eastra
1417 2139 1550 2200 venissent,
1563 2141 1684 2193 eiulantes
1694 2147 1719 2193 et

944 2224 976 2274 ad
994 2225 1102 2274 omnium
1117 2238 1196 2287 genua
1210 2239 1237 2275 se
1255 2229 1439 2288 prosternentes
1453 2242 1566 2292 maguam
1579 2229 1721 2284 homiuibus

944 2314 1112 2376 spectantibus
1128 2313 1322 2364 misericerdiam
1335 2321 1537 2380 commoremnt,
1555 2332 1636 2382 neque
1655 2321 1721 2385 quis-

943 2416 1018 2466 quam
1034 2404 1146 2455 lacrimas
1157 2405 1282 2455 continere
1294 2407 1383 2470 potuit.
1417 2410 1448 2457 at
1462 2408 1563 2464 consilio
1574 2422 1604 2466 ex
1620 2420 1722 2470 senatus

944 2489 1091 2552 primoribus
1104 2506 1190 2543 earnm
1214 2506 1301 2544 caussa
1324 2499 1466 2557 convocato,
1485 2510 1542 2561 rege
1557 2498 1658 2550 iubente
1680 2514 1721 2550 eas

943 2593 988 2628 cur
999 2581 1125 2639 venissent
1137 2596 1263 2646 exponere,
1279 2585 1391 2646 Hersilia,
1409 2586 1502 2638 consilii
1512 2591 1600 2644 auctor
1613 2592 1638 2643 et
1655 2590 1722 2654 lega·

945 2670 1018 2719 tionis
1030 2670 1151 2734 princeps,
1171 2671 1262 2734 prolixa
1283 2676 1309 2723 el
1328 2675 1461 2725 miserabili
1478 2676 1588 2727 oratione
1601 2690 1646 2730 asa
1665 2682 1719 2739 est,

944 2757 1088 2821 suppliciter
1100 2761 1186 2822 petens
1202 2764 1231 2809 ut
1254 2760 1310 2822 sibi,
1326 2776 1430 2824 quamm
1453 2777 1540 2820 caussa
1563 2764 1611 2814 hoc
1629 2763 1722 2815 bellum

944 2849 1087 2909 susceptum
1097 2860 1152 2898 esse
1164 2849 1323 2906 ostendebat.
1340 2851 1527 2913 deprecantibus
1545 2867 1589 2916 pro
1603 2853 1662 2902 atris
1677 2867 1720 2920 pa·

943 2950 997 2986 cem
1017 2935 1186 2987 concederent.
1230 2939 1325 2994 Quibus
1345 2954 1405 2989 scre
1428 2941 1609 2995 conditionibus
1628 2941 1720 2994 bellum

944 3028 1010 3074 esset
1022 3024 1194 3086 dirimendum,
1214 3025 1281 3091 ipsos
1302 3029 1377 3078 duces
1399 3029 1424 3087 in
1441 3043 1517 3078 unum
1541 3033 1656 3081 coeuntes
1674 3044 1721 3095 pro

943 3111 1045 3163 arbitrio
1061 3114 1256 3177 decreturos,ad
1278 3131 1432 3167 communem
1451 3118 1582 3168 utilitatem
1603 3121 1720 3183 spectan-

944 3203 1056 3314 legbLVl.
1078 3269 1159 3330 Atque
1181 3267 1222 3318 bis
1242 3268 1316 3318 dictis
1334 3282 1418 3319 omnes
1440 3283 1489 3318 una
1512 3282 1569 3321 cum
1592 3268 1675 3322 liberis
1689 3271 1721 3320 ad

942 3360 1007 3423 regis
1021 3376 1099 3425 genua
1111 3364 1253 3415 acciderunt
1262 3368 1288 3415 et
1298 3367 1427 3429 prostrata
1442 3365 1578 3426 lamentat,
1589 3365 1668 3416 donec
1678 3367 1721 3430 qui
1795 3398 1799 3403 -

945 3458 1095 3511 aderanteas
1115 3475 1129 3511 e
1153 3465 1219 3511 terra
1237 3468 1384 3522 erexerunt,
1409 3463 1579 3526 promittentes
1593 3477 1620 3513 se
1636 3464 1720 3514 omnia

943 3552 1119 3618 tacturosqme
1142 3570 1213 3618 nequa
1227 3562 1310 3609 essent
1333 3563 1359 3609 ct
1378 3559 1430 3608 lieri
1453 3563 1561 3622 possent.
1596 3552 1631 3610 Ac
1645 3574 1719 3623 mox,

942 3655 1072 3716 postquam
1095 3666 1136 3705 eas
1150 3666 1178 3702 ex
1193 3656 1295 3705 concilio
1311 3656 1431 3706 excedere
1444 3656 1578 3716 iusserunt,
1592 3659 1718 3710 consulta·

942 3752 1009 3801 tione
1030 3751 1094 3800 iuter
1115 3753 1242 3804 satiabile
1264 3768 1348 3819 pacem
1370 3755 1506 3805 taciendam
1527 3771 1581 3807 esse
1604 3758 1721 3810 decreve-

943 3857 1009 3903 mnt.
1042 3859 1077 3904 Ac
1095 3855 1202 3919 primum
1215 3857 1318 3920 quidem
1331 3858 1435 3908 induciae
1450 3859 1514 3910 inter
1530 3862 1718 3924 motastada,

944 3956 1043 4019 deiude,
1056 3959 1155 4022 reglbus
1176 3960 1330 4022 coeuntibus,
1347 3961 1456 4012 amicitia
1467 3962 1543 4013 etiam
1561 3964 1626 4014 lacta
1640 3967 1667 4014 ct
1679 3966 1721 4015 ιω·

941 4054 988 4105 dns
1011 4056 1085 4106 idum
1104 4059 1150 4105 est.
1184 4055 1247 4113 Qum
1267 4064 1326 4105 vcro
1339 4056 1376 4105 illi
1389 4056 1453 4107 inter
1476 4070 1504 4107 sc
1521 4059 1588 4122 pacti
1606 4065 1671 4121 sunt,
1694 4066 1720 4113 et

942 4169 1049 4219 quorum
1073 4155 1296 4206 confirmandorum
1315 4170 1403 4207 caussa
1425 4158 1595 4210 iusiurandum
1613 4161 1720 4228 interpo

942 4256 1052 4316 suerunt,
1067 4251 1122 4303 baec
1134 4254 1193 4302 sunt
1207 4270 1214 4302 ι
1229 4255 1257 4302 ut
1278 4251 1399 4304 ltomulus
1414 4259 1440 4305 et
1451 4257 1536 4307 Tatius
1561 4263 1644 4309 essent
1667 4262 1717 4310 tto·

941 4363 1069 4400 manorum
1081 4362 1159 4412 reges,
1169 4349 1222 4414 pari
1237 4353 1358 4413 potestate
1372 4354 1398 4401 et
1417 4351 1469 4414 pari
1482 4351 1575 4403 bonore
1591 4354 1717 4410 iruentass

942 4451 1001 4501 urbs
1019 4464 1079 4501 vero
1098 4453 1229 4501 vocaretur
1254 4465 1269 4499 a
1293 4451 1420 4502 conditore
1437 4452 1503 4503 idem
1525 4456 1609 4506 Romae
1628 4467 1718 4505 nomen

941 4563 1051 4612 servans,
1064 4557 1090 4601 et
1103 4553 1272 4615 unusquisqne
1290 4552 1350 4601 civis
1367 4555 1492 4604 Romanus
1510 4558 1537 4604 ut
1554 4560 1612 4605 ante
1631 4557 1716 4619 appal-

941 4646 1046 4709 laretur‚
1070 4648 1113 4698 sed
1132 4649 1241 4700 universi
1259 4665 1274 4700 a
1294 4651 1358 4700 Tatii
1372 4651 1451 4715 patria
1467 4652 1592 4702 ‹mmmuui
1607 4652 1716 4714 appella-

941 4746 1007 4796 tione
1019 4746 1189 4811 comprehensi
1208 4749 1316 4805 Quirites
1333 4752 1481 4799 voeareutur
1502 4767 1508 4797 ε
1529 4752 1555 4798 et
1566 4748 1609 4810 qni
1620 4746 1652 4796 de
1669 4749 1714 4796 Sa«

942 4846 1005 4897 binis
1021 4846 1110 4896 vellent
1122 4848 1207 4897 Romoe
1216 4847 1340 4911 degerent,
1351 4852 1377 4899 el
1388 4845 1574 4899 communicatis
1590 4843 1717 4907 utrimque

942 4945 1019 4995 sacris
1040 4944 1064 4993 in
1086 4943 1167 4998 tribus
1182 4948 1208 4993 et
1223 4945 1306 4995 curias
1328 4945 1542 4995 distribuerentur.
1573 4942 1634 4991 liae
1658 4954 1718 4993 cum

941 5043 1072 5101 iurassent,
1084 5045 1109 5090 et
1121 5054 1176 5090 aras
1187 5040 1219 5090 ad
1234 5040 1313 5090 ludus
1335 5039 1471 5091 laciendum
1482 5038 1618 5088 erexissent
1629 5038 1655 5088 in
1666 5052 1717 5090 ma·

941 5138 1072 5189 dialerme
1091 5138 1222 5198 viasacra,
1241 5137 1304 5188 inter
1328 5151 1355 5186 se
1372 5135 1489 5200 permixti
1501 5140 1574 5199 sunt3
1589 5139 1665 5202 alque
1679 5149 1724 5188 us·
1770 5150 1772 5155 ·
1865 5160 1869 5167 .
