3772 5828
640 1102 1155 1259 PRAEFATIO.

758 1495 1043 1535 ..θ-

173 1890 309 1979 Quodsi
326 1914 417 1961 nova
433 1889 509 1962 haec
526 1889 784 1988 Antiquitatum
801 1894 1042 1963 Romanarum
1052 1888 1186 1979 editio,
1200 1913 1279 1988 quae
1302 1902 1385 1961 ante
1397 1886 1529 1961 multos
1544 1886 1677 1959 abhinc

121 2058 240 2107 annos
263 2034 430 2107 inchoata
449 2050 520 2125 est,
548 2059 645 2107 nunc
663 2033 810 2107 demum
834 2036 873 2107 in
896 2034 1013 2108 lucem
1037 2034 1177 2135 prodit,
1203 2036 1309 2107 sortis
1328 2034 1492 2135 quaedam
1508 2034 1677 2133 iniquitas

121 2178 323 2251 accusanda
338 2192 402 2269 est,
419 2203 499 2276 quae
513 2179 561 2250 ita
581 2176 679 2267 tulit,
696 2191 734 2249 ut
756 2177 921 2277 Adolpho
938 2178 1112 2274 Kiessiing
1129 2202 1229 2249 novae
1243 2178 1462 2250 recensionis
1473 2201 1559 2251 cura
1574 2201 1673 2248 curn·

122 2322 341 2394 mitteretur.
361 2326 393 2392 ls
412 2321 522 2410 enim,
537 2334 727 2418 postquam
749 2335 884 2418 partem
900 2324 1054 2421 suscepti
1073 2321 1231 2393 muneris
1246 2335 1443 2420 peregerat,
1458 2318 1615 2419 plagulas
1630 2317 1675 2389 ad

120 2462 379 2558 corrigendum
396 2462 427 2533 ei
445 2461 666 2533 transmissas
683 2486 835 2560 penesse
847 2461 1013 2554 detinuit,
1024 2486 1066 2535 ac
1083 2464 1245 2561 quamvis
1260 2460 1464 2562 complures
1480 2486 1546 2561 per
1561 2485 1676 2533 annos

118 2608 257 2675 iterum
271 2607 472 2701 iterumque
485 2619 691 2676 moneretur
710 2620 749 2678 ut
764 2619 871 2677 staret
887 2607 1011 2704 pactis,
1024 2607 1060 2679 iu
1071 2604 1255 2679 obstinato
1271 2607 1508 2705 perseveravit
1520 2604 1674 2694 silentio,

120 2746 405 2845 necquidquam
434 2748 596 2845 praestitit
615 2772 688 2845 quo
705 2746 812 2820 fidem
829 2772 930 2819 suam
952 2747 1131 2821 liberaret.
1157 2752 1244 2837 Quae
1268 2747 1415 2847 quidem
1437 2748 1565 2846 agendi
1585 2748 1676 2819 ratio

120 2889 238 2987 qualis
251 2890 455 2963 aestimanda
478 2892 539 2981 sit,
555 2891 613 2961 vix
633 2905 705 2980 cst,
732 2892 876 2990 opinor,
899 2915 964 2964 cur
979 2890 1143 2963 disertius
1162 2889 1322 2990 eloquar.
1349 2933 1399 2947 —
1413 2895 1551 2990 ltaque,
1570 2891 1676 2962 misso

120 3034 268 3106 tandem
289 3033 517 3130 Kiesslingio,
537 3033 660 3104 Victor
679 3037 794 3123 Prou,
817 3034 873 3103 vir
896 3031 1143 3124 doctissimus,
1162 3034 1354 3130 adjuvante
1374 3033 1531 3106 consiliis
1557 3049 1591 3108 et
1608 3034 1673 3106 do·

121 3177 247 3247 ctrinae
266 3175 380 3273 copiis
390 3199 499 3274 quern
509 3198 635 3245 omncs
659 3176 827 3246 novimus
842 3178 997 3270 Eggero,
1014 3173 1250 3247 continuandi
1269 3176 1388 3274 operis
1401 3175 1585 3272 negotium
1598 3199 1674 3245 sus·

120 3320 217 3416 cepit
231 3333 265 3389 et
283 3333 486 3418 susceptum
500 3317 546 3389 ad
565 3316 674 3388 finem
690 3316 841 3390 feliciter
858 3315 1038 3417 perduxit.
1062 3325 1107 3391 At
1121 3333 1269 3418 peracto
1283 3319 1341 3390 vix
1357 3314 1492 3409 labore,
1509 3331 1584 3389 tum
1608 3320 1673 3412 Eg·

121 3484 246 3557 gerum
264 3474 340 3531 tum
356 3460 538 3531 Victorem
567 3462 658 3528 Prou
674 3512 683 3545 ,
701 3482 808 3555 quem
831 3459 897 3530 hac
911 3458 1120 3556 praefatione
1145 3484 1267 3560 operae
1280 3483 1352 3531 suae
1374 3460 1529 3530 rationes
1549 3458 1671 3530 reddi·

120 3621 243 3677 turum
269 3603 374 3676 fuisse
400 3626 644 3702 speraveram,
666 3600 780 3673 fatalis
794 3616 928 3676 naturae
950 3604 1118 3675 humanae
1147 3604 1335 3675 necessitas
1357 3600 1482 3673 studiis
1499 3613 1534 3671 et
1553 3602 1675 3671 amicis

120 3752 264 3851 eripuit.
282 3751 340 3822 Sic
362 3774 423 3821 sua
442 3749 514 3821 fata
534 3746 667 3820 habent
683 3746 803 3821 libelii.

1053 3970 1091 4036 Α.
1124 3965 1275 4036 Fluunt
1303 3964 1451 4033 utnon.

245 4253 364 4313 Parisiis,
382 4264 467 4304 mense
479 4250 600 4304 Januario
614 4252 647 4301 M.
664 4249 747 4301 Dccc
763 4250 892 4301 uxxxvt.
