3772 5828
620 342 909 416 ANTIQUITATUM
929 345 1075 410 ΒΟΜΛΝ.
1100 352 1170 412 LIB.
1194 355 1243 417 Vl.

124 467 224 547 συχνοί.
267 466 312 528 Ἐν
325 467 352 527 δέ
374 467 459 546 τούτῳ
481 469 526 529 καί
546 472 738 552 δπρεσόεοτὴς
751 471 893 556 Ἑρμήνιος

125 553 269 636 ἀνειληφὼς
284 554 343 623 τούς
358 555 518 638 φοόηθίντας
533 559 563 618 ἐκ
583 564 630 630 τῆς
648 567 747 639 τροπῆς
759 567 812 622 τῶν
827 588 892 645 σφε-

122 652 203 723 τέρων
223 637 285 720 ἦγεν
296 645 339 703 ἐπὶ
356 648 414 711 τοὺς
427 646 487 724 περὶ
501 645 544 704 τὸν
564 648 699 717 Μαμίλιον
715 655 891 719 συνεστῶτας·

121 732 165 791 καὶ
177 730 320 808 συμπεσὼν
333 733 404 812 αύτῷ
417 733 533 810 μεγίστῳ
542 734 565 791 τ’
576 735 631 795 ύντι
644 738 689 796 καλ
704 739 780 820 ῥώμῃ
793 741 892 824 ἀρίστῳ

84 847 96 883 ς
120 822 172 877 τῶν
184 821 242 878 καθ’
255 819 345 877 ἑαυτὸν
359 819 456 877 ἐκεῖνόν
468 843 495 878 τε
509 823 657 882 ἀποκτείνει
672 825 717 883 καὶ
730 826 806 894 αὐτὸς
817 831 844 886 ἐν
855 833 892 906 τῷ

122 906 257 966 σκυλεύειν
269 905 312 965 τόν
323 907 415 985 νεκρὸν
429 904 539 984 πληγεὶς
561 912 611 971 ύπό
626 935 694 980 τινος
709 913 774 995 ξίφει
790 915 832 974 διδ
847 921 893 986 τῆς

120 997 229 1072 λαγόνος
244 995 411 1065 ἀποθνήσκει.
428 993 525 1063 Σέξτος
539 996 566 1056 δέ
586 999 744 1081 Ταρκύνιος,
754 1009 800 1062 τοῦ
817 1005 892 1063 λαιοῦ

121 1086 173 1142 τῶν
187 1082 304 1143 Λατίνων
317 1083 425 1162 κέρατος
434 1084 577 1162 ἡγούμενος
591 1087 710 1167 ἀντεῖχεν
721 1089 760 1148 ἐτι
773 1097 826 1157 τοῖς
840 1092 891 1149 bec·

120 1179 183 1245 νοῖς,
199 1170 243 1229 καλ
257 1168 315 1236 τοὺς
334 1169 378 1228 ἐπὶ
396 1175 441 1228 τοῦ
458 1170 539 1239 δεξιοῦ
558 1175 610 1231 τῶν
624 1170 767 1251 Ῥωμαίων
784 1176 892 1257 κίρατος

68 1283 92 1319 ιο
121 1256 221 1324 ἐξεώθει
230 1262 276 1328 τῆς
286 1257 411 1325 στάσεως·
422 1259 541 1326 ῶςδέτθν
552 1261 702 1337 Ποστόμιον
710 1264 838 1324 ἐθεάσατο
844 1264 891 1324 σὺν

119 1350 171 1412 τοῖς
177 1347 322 1414 ἐπιλέκτοις
331 1350 454 1406 ἱππεῦσιν
465 1348 664 1430 ἐπιφερόμενον,
677 1353 805 1429 ἀπογνοὺς
819 1353 889 1414 άπά-

119 1456 166 1505 σης
180 1434 284 1502 ἐλπίδος
300 1438 334 1502 εἰς
347 1433 443 1509 μίσους
456 1435 547 1502 αὐτούς
561 1435 645 1496 ίεται·
658 1437 719 1497 ίνθα
735 1439 767 1511 δὴ
786 1442 889 1500 κυκλω·

119 1522 170 1591 θελς
190 1523 240 1582 ύπδ
253 1528 305 1582 τῶν
326 1524 469 1600 Ῥωμαίων
492 1525 593 1585 ἱππίων
617 1530 704 1585 τεκαὶ
725 1531 820 1601 πεζῶν,
844 1530 889 1588 καλ

118 1612 278 1692 βαλλόμενος
292 1614 455 1691 πανταχόθεν
474 1612 564 1694 ῶσπερ
584 1614 684 1696 θηρίον,
700 1619 747 1675 οὐκ
762 1615 822 1676 άνευ
842 1623 889 1676 τοῦ

64 1715 90 1754 ¹5
118 1701 228 1768 πολλοὺς
243 1704 397 1761 ἀποκτεῖναι
409 1706 459 1760 τῶν
472 1701 551 1779 δμόσε
576 1703 752 1784 χωρησάντων
771 1706 889 1778 ἀποθνή··

118 1813 184 1851 σκει.
229 1789 368 1850 Πεσόντων
392 1788 419 1847 δέ
434 1793 485 1847 τῶν
506 1788 659 1868 ἡγεμόνων,
686 1789 767 1872 ἀθρόα
789 1793 889 1872 γίνεται

118 1879 222 1937 πάντων
239 1880 334 1936 αὐτίκα
346 1881 398 1937 τῶν
416 1877 535 1938 Λατίνων
553 1879 638 1959 φυγὴ,
654 1879 756 1938 καὶτοῦ
772 1881 889 1960 χάρακος

120 1967 305 2045 αύτῶνέρήμου
314 1966 526 2047 καταλειφθέντος
534 1965 642 2026 ύπθτῶν
650 1969 774 2043 φυλάκων
782 1969 888 2045 άλωσις,

119 2054 175 2114 ὅθεν
191 2060 214 2116 οἱ
229 2055 359 2134 Ῥωμαῖοι
373 2054 470 2123 πολλάς
484 2056 530 2115 καὶ
541 2054 623 2122 καλθις
638 2054 732 2115 ἐλαόον
748 2058 887 2138 ὠφελείας·

62 2157 91 2194 2⁰
119 2145 240 2226 συμφορά
253 2169 280 2204 τε
293 2145 360 2216 etan
374 2144 485 2223 μεγίστη
497 2145 618 2211 Λατίνοις
629 2142 742 2223 ἐγένετο,
754 2145 787 2203 δι’
799 2146 831 2218 ἣν
844 2146 888 2207 ἀπὶ

117 2235 237 2294 πλεῖστον
248 2233 429 2309 ἐκακώθησαν,
446 2232 491 2291 καὶ
505 2232 597 2311 φθόρος
604 2232 733 2309 σωμάτων
747 2232 805 2300 ὅσος
814 2235 887 2295 οὔπω

116 2321 251 2400 πρότερον.
294 2321 364 2382 ’Λπθ
392 2321 442 2398 γάρ
467 2320 694 2397 τετρακισμυρίων
726 2323 811 2389 πεζῶν
840 2325 886 2383 καί

115 2411 268 2489 τρισχιλίων
278 2409 397 2480 ἱππίων,
411 2405 502 2487 ὥσπερ
515 2406 590 2488 ἔφην,
612 2410 636 2466 οἱ
650 2407 794 2487 λειφθέντες
807 2411 886 2469 ἐλάτ-

116 2520 174 2564 τους
196 2499 296 2578 μυρίων
312 2497 448 2568 ἐσώθησαν
463 2495 506 2552 ἐπὶ
521 2493 554 2552 τδ
567 2493 691 2575 σφέτερα.

61 2602 88 2638 2⁶
154 2588 229 2647 Xlll.
248 2588 296 2645 Ἐν
309 2584 393 2662 ταύτῃ
409 2583 531 2661 λέγονται
544 2588 576 2661 τῇ
594 2584 669 2664 μάχῃ
693 2585 834 2668 Ποστομίῳ
856 2612 885 2649 τε

117 2675 153 2750 τῷ
169 2671 301 2749 δικτάτορι
319 2671 364 2731 καί
382 2673 509 2752 τοῖςπερὶ
528 2671 604 2730 αὐτόν
619 2672 784 2751 τεταγμένοις
799 2678 886 2744 ἱππεῖς

115 2760 160 2817 δύο
171 2763 296 2839 φανῆναι,
311 2760 403 2818 κάλλει
415 2783 443 2818 τε
460 2757 505 2819 καλ
522 2758 626 2839 μεγέθει
639 2765 734 2842 μακρῷ
756 2764 885 2843 κρείττους

113 2838 176 2918 eburi
198 2847 258 2906 καθ’
271 2853 341 2923 ἡμᾶς
362 2846 437 2929 φύσις
457 2847 571 2927 ἐκφέρει,
593 2847 762 2928 ἐναρχόμενοι
783 2861 884 2930 γενειᾶν

113 2936 254 3012 ἡγούμενοί
279 2959 308 2994 τε
322 2932 369 3009 τῆς
384 2934 539 3012 Ῥωμαῖκῆς
561 2934 652 3008 ἵππου,
668 2936 713 2994 καλ
735 2937 792 3005 τοὺς
804 2940 884 3016 ὁμόσε

60 3042 85 3080 ιο
111 3030 262 3104 χωροῦντας
283 3027 335 3082 τῶν
359 3024 479 3084 Λατίνων
500 3023 619 3090 παίοντες
644 3033 698 3091 τοὶς
721 3025 811 3108 δόρασι
838 3032 883 3089 καὶ

111 3116 295 3194 προτροπάδην
318 3112 479 3179 ἐλαύνοντες.
523 3112 579 3172 Καὶ
604 3111 672 3189 μετθ
701 3111 747 3184 τὴν
782 3120 882 3194 τροπὴν

110 3207 162 3261 τῶν
184 3203 304 3261 Λατίνων
329 3202 373 3261 καλ
397 3200 446 3266 πλν
469 3200 568 3261 ἀλωσιν
591 3206 637 3260 τοῦ
651 3201 768 3281 χάρακος
783 3208 880 3279 αὐτῶν,

110 3289 169 3370 περὶ
184 3290 271 3361 δείλην
295 3290 372 3370 ὀψίαν
396 3291 470 3356 τέλος
493 3286 626 3360 λαθούσης
650 3293 695 3359 τῆς
720 3292 827 3371 μάχης,
855 3302 881 3356 ἐν

111 3378 298 3459 τῇῬωμαίων
322 3381 405 3458 ἀγορᾷ
432 3377 565 3436 τδναθτθν
589 3376 684 3455 τρόπον
704 3380 815 3458 ἀρθῆναι
836 3381 881 3440 δύο

56 3473 83 3512 ,ιο
109 3466 238 3525 νεανίσκοι
250 3466 380 3543 λέγονται,
392 3464 538 3542 πολεμικάς
552 3464 715 3533 ἐνδεδυκότες
727 3469 821 3534 στολὰς
833 3471 881 3546 μή·

111 3554 194 3612 κιστοί
203 3578 231 3612 τε
243 3555 288 3613 καλ
299 3554 437 3613 κάλλιστοι
451 3554 497 3614 καὶ
506 3553 554 3625 τὴν
565 3552 757 3624 αύτὴνὴλυιίαν
766 3556 880 3635 ἔχοντες,

112 3642 185 3700 αιίτοί
198 3665 226 3700 τε
240 3643 411 3721 φυλάττοντες
424 3642 468 3701 ἐπὶ
477 3640 690 3722 τῶνιπροσόιπων
704 3646 739 3709 ὡς
749 3647 778 3702 ἐκ
791 3646 881 3725 μάχης

110 3729 228 3803 ἡκόντων
241 3730 270 3788 τὸ
280 3728 417 3806 ἐναγώνιον
435 3735 537 3811 σχῆμα,
551 3732 597 3790 καὶ
608 3729 667 3798 τοθς
678 3729 774 3798 ἵππους
789 3735 880 3812 ἱδρῶτι

110 3817 265 3897 διαάρόχους
286 3817 453 3896 ἐπαγόμενοι.
494 3815 620 3899 ’Λραντις
659 3819 686 3878 δέ
715 3823 766 3878 τῶν
791 3820 879 3882 ἵππων

53 3916 79 3951 ⁴⁰
107 3909 240 3985 ἑκάτεροι,
260 3905 306 3966 καί
320 3907 494 3988 ἀπονίψαντες
509 3909 562 3966 ἀπὸ
580 3911 630 3979 τῆς
650 3907 755 3975 λιόάδος
775 3909 879 3992 ἣπαρδι

106 3997 136 4055 τὸ
146 3996 213 4074 ἱερὸν
233 4000 279 4067 τῆς
301 3995 408 4063 Ἑστίας
427 3995 569 4055 ἀναδίδωσι
592 3995 687 4074 λίμνην
704 4003 815 4057 ποιοῦσα
829 4002 878 4078 ἐμ-

107 4084 195 4143 ύύθιον
207 4086 308 4163 ὀλίγην,
323 4086 428 4143 πολλῶν
444 4089 528 4152 αὐτοῖς
546 4084 732 4164 περιστάντων,
746 4087 791 4144 καί
810 4087 835 4146 εί
854 4113 879 4148 τι

106 4173 226 4253 φέρουσιν
237 4173 310 4252 [ἔτι]
319 4173 406 4231 καινὸν
423 4172 474 4232 ἀπὸ
489 4173 665 4252 στρατοπέδου
676 4180 768 4250 μαθεῖν
779 4174 877 4243 ἀξιούν·

105 4286 166 4335 των,
178 4263 225 4332 τήν
240 4285 268 4320 τε
286 4263 376 4339 μάχην
392 4263 479 4327 αὐτοῖς
492 4264 630 4342 φράζουσιν
645 4265 679 4328 ὡς
694 4263 809 4338 ἐγένετο,
833 4264 879 4324 καί

50 4364 77 4402 ιι
105 4349 145 4408 ὅτι
164 4353 282 4409 νικῶσιν·
301 4349 345 4416 ob<
361 4350 601 4431 μεταχωρήσαντας
618 4354 648 4410 ἐκ
657 4355 704 4422 τῆς
716 4354 813 4431 ἀγορᾶς
834 4355 878 4413 ὑπ’

104 4440 204 4506 οὐδενός
221 4439 260 4498 ἐτι
281 4440 399 4517 λέγουσιν
415 4440 540 4519 ὀφθῆναι,
550 4440 650 4512 πολλὴν
669 4441 777 4513 ζήτησιν
792 4444 877 4502 αὐτῶν

103 4529 257 4603 ποιουμένου
272 4533 319 4588 τοῦ
332 4528 548 4608 καταλειφθέντος
566 4535 614 4601 τῆς
625 4529 726 4595 πόλεως
736 4531 875 4607 ἡγεμόνος.

103 4613 153 4680 Ὠς
168 4617 194 4672 δέ
214 4620 245 4694 τῇ
264 4616 375 4676 κατόπιν
394 4619 483 4696 ἡμέρῳ
498 4614 544 4684 τδς
567 4616 640 4698 παρδι
656 4625 702 4676 τοῦ
725 4618 877 4699 δικτάτορος

107 4703 245 4770 ἐπιστολὰς
260 4704 354 4764 ίλαόον
369 4706 393 4763 οἱ
404 4708 456 4764 τῶν
469 4708 562 4764 κοινῶν
579 4709 751 4784 προεστῶτες,
773 4707 818 4767 καλ
830 4707 876 4767 σθν

47 4805 76 4843 ιο
104 4799 158 4854 τοῖς
179 4789 266 4857 ἀλλοις
283 4792 368 4852 ἀπασι
378 4793 431 4859 τοῖς
445 4795 472 4851 ἐν
487 4817 520 4874 τη
532 4793 607 4872 μάχη
626 4795 773 4873 γενομένοις
783 4797 828 4854 καί
842 4796 875 4856 τά

102 4876 221 4955 περὶτῆς
236 4879 386 4956 ἐπιφανείας
397 4886 450 4941 τῶν
466 4883 595 4959 δαιμόνων
604 4881 712 4959 ίμαθον,
721 4885 875 4962 νομίσαντες

101 4970 153 5025 τῶν
169 4969 254 5024 αὐτῶν
290 4971 354 5026 θεῶν
371 4959 437 5028 εἶναι
467 4967 546 5051 άμφω
570 4971 603 5030 τθι
624 4973 763 5052 φάσματα,
785 4971 874 5052 ὥσπερ

102 5055 185 5126 εἰκός,
214 5054 381 5137 Διοσκούρων
406 5058 564 5130 ἐπείσθησαν
597 5049 665 5118 εἶναι
695 5057 729 5118 τά
763 5059 869 5124 εἴδωλα.

101 5143 208 5218 Ταύτης
228 5146 284 5205 ἐστὶ
300 5147 346 5218 τῆς
360 5145 507 5226 παραδόξου
519 5149 564 5206 καί
580 5150 732 5225 θαυμαστῆς
746 5151 797 5206 τῶν
812 5147 874 5205 δαι-

1662 370 1718 428 325

947 491 1028 550 eraut;
1042 492 1066 540 et
1078 505 1222 556 congressus
1237 510 1294 547 cum
1303 498 1365 561 ipso,
1380 502 1423 565 qni
1441 505 1537 553 statura
1550 507 1602 554 erat
1614 506 1720 555 maxima

947 587 971 635 et
992 585 1077 637 robore
1096 592 1309 652 prestantissimae
1324 595 1434 645 omnium
1448 610 1500 646 suae
1525 598 1606 648 estatis
1622 604 1716 650 morta·

947 681 1017 744 lium,
1031 696 1086 732 eum
1099 685 1229 749 interfecit,
1243 695 1268 738 et
1279 690 1338 753 ipse,
1349 691 1409 740 dum
1427 704 1517 756 corpus
1527 693 1580 742 cius
1592 693 1718 756 spoliaret,

947 791 962 826 a
982 779 1088 840 modam
1101 782 1221 845 perlatus
1233 785 1312 849 gladio
1324 787 1388 837 ictus
1402 787 1473 837 obiit.
1509 792 1541 839 at
1551 792 1640 840 Sextus
1659 794 1720 840 Tar·

947 875 1053 935 quintus,
1073 877 1116 940 qui
1135 878 1225 931 laerum
1248 880 1390 931 Latinorum
1415 898 1490 933 cornu
1508 883 1624 945 ducebat,
1648 885 1719 935 malls

946 970 1026 1022 adhuc
1040 975 1180 1037 resistebat,
1191 979 1345 1029 etilomanos
1359 981 1401 1042 qui
1418 985 1489 1031 erant
1498 982 1522 1030 in
1539 982 1627 1032 denuc
1641 995 1716 1033 cornu

947 1068 1000 1118 loco
1012 1070 1112 1135 pepulit.
1145 1077 1237 1124 Verum
1257 1079 1388 1140 postquam
1402 1080 1494 1141 praeter
1510 1081 1718 1142 exspectationem

946 1179 1016 1214 suram
1037 1168 1099 1219 vidit
1112 1171 1263 1221 Postumium
1276 1186 1332 1222 cum
1348 1173 1488 1226 lectissimis
1506 1176 1631 1239 equitibus
1650 1179 1673 1227 lu
1690 1192 1717 1228 se

945 1263 1131 1327 procedentem,
1145 1266 1281 1330 desperatis
1292 1268 1407 1319 omnibus
1424 1271 1516 1333 rebus,
1530 1273 1557 1321 ln
1569 1273 1663 1324 medios
1675 1288 1718 1326 eos

945 1371 998 1407 sese
1008 1359 1112 1410 coniecit
1127 1381 1133 1410 ι
1146 1361 1188 1411 ubi
1200 1375 1215 1411 a
1229 1364 1343 1413 Romanis
1355 1366 1479 1429 equilibus
1497 1370 1522 1417 et
1534 1369 1658 1431 peditibus
1672 1371 1717 1422 cir·

944 1455 1081 1517 samuelus,
1097 1461 1121 1506 ct
1134 1457 1242 1523 undique
1258 1459 1313 1510 telis
1326 1462 1417 1524 petitus
1428 1463 1505 1513 instar
1522 1466 1588 1525 terte,
1603 1481 1651 1517 nou
1665 1468 1717 1518 sine

944 1552 1011 1602 cede
1028 1553 1104 1602 multa
1117 1568 1211 1616 eornm,
1223 1559 1267 1620 qui
1288 1571 1345 1607 cum
1358 1558 1412 1622 ipso
1423 1561 1540 1624 congredi
1556 1562 1719 1617 sustinerant

943 1648 1023 1711 periit.
1056 1651 1133 1701 Corsis
1151 1657 1234 1703 sutem
1251 1654 1366 1714 ducibus,
1394 1659 1523 1708 confestim
1541 1674 1626 1711 omnes
1637 1663 1717 1714 Latini

943 1744 1045 1792 conserti
1059 1745 1123 1806 luge
1139 1761 1165 1796 se
1177 1749 1331 1812 mandarunt,
1347 1764 1483 1815 eorumque
1502 1757 1584 1804 castre
1600 1768 1615 1804 a
1630 1760 1716 1807 eusto-

942 1839 1015 1889 dibus
1028 1840 1126 1891 descrta
1136 1848 1207 1906 capta
1220 1850 1277 1895 sunt
1292 1865 1298 1894 ι
1311 1860 1342 1895 es
1352 1849 1443 1909 quibus
1453 1851 1556 1900 Romani
1569 1864 1682 1915 magnum
1690 1856 1717 1903 et

942 1937 1048 2001 opimam
1064 1937 1174 2000 predam
1191 1939 1374 2002 absportarunt.
1409 1949 1490 2009 Atque
1509 1946 1559 1995 ista
1572 1948 1655 1998 clades
1666 1950 1716 1998 La·

942 2035 1048 2084 tinorum
1070 2035 1180 2085 maxima
1200 2035 1255 2096 ierit,
1272 2039 1374 2101 illosque
1387 2041 1531 2103 gravissime
1549 2041 1647 2104 elilim,
1662 2047 1716 2094 tan·

942 2134 1015 2194 taque
1034 2144 1117 2181 acrum
1131 2135 1223 2196 strages
1237 2137 1293 2183 tune
1309 2135 1375 2185 edita
1387 2140 1478 2199 quanta
1492 2152 1616 2202 nunquam
1636 2145 1714 2194 antea.

941 2233 1002 2280 Natu
1014 2242 1045 2279 en
1066 2229 1228 2292 quadraginta
1242 2233 1355 2295 peditum
1378 2238 1404 2284 ct
1420 2234 1502 2285 tribus
1517 2237 1631 2299 equitum
1648 2240 1714 2289 mili-

941 2327 1001 2388 bus',
1014 2332 1042 2377 ut
1055 2327 1124 2387 dixi,
1138 2329 1267 2393 pauciores
1287 2345 1363 2396 quam
1377 2332 1460 2383 decies
1478 2335 1542 2384 mille
1556 2334 1659 2387 domum
1680 2337 1716 2387 in-

941 2425 1050 2475 columes
1069 2425 1205 2478 redicnrnt.

971 2611 1038 2660 ltili.
1055 2613 1082 2660 In
1103 2609 1150 2659 bac
1167 2623 1246 2673 pugna
1260 2613 1341 2662 terunt
1359 2614 1473 2666 metaturi
1485 2618 1612 2669 Postumio
1627 2623 1651 2670 et
1663 2622 1714 2671 mi·

939 2701 1038 2761 litibus,
1048 2716 1110 2766 quos
1129 2704 1193 2753 circa
1208 2718 1234 2753 se
1246 2704 1361 2767 lubebat,
1373 2707 1436 2758 duos
1448 2710 1542 2771 equites
1557 2713 1712 2776 apparuisse.

938 2799 964 2846 et
985 2796 1063 2845 icrma
1083 2799 1109 2845 et
1122 2798 1217 2847 statura
1237 2798 1308 2862 longe
1330 2801 1512 2864 praestantiores
1548 2816 1624 2865 quam
1650 2818 1712 2869 quoa

937 2887 1024 2934 natura
1037 2890 1109 2937 elate
1119 2890 1201 2936 nostra
1215 2888 1339 2951 producit,
1352 2891 1401 2940 iona
1415 2892 1548 2955 pubescere
1559 2896 1712 2960 incipientes,

937 2979 979 3040 qui
1000 2979 1121 3043 equitatui
1134 2983 1243 3031 Romano
1257 2982 1399 3045 praeibant,
1413 2989 1439 3034 et
1460 2986 1606 3038 Latinorum
1627 2990 1711 3041 obvios

936 3085 1046 3136 quosque
1060 3073 1137 3124 basis
1155 3075 1289 3137 feriebant,
1304 3080 1330 3127 et
1351 3077 1377 3126 in
1398 3079 1505 3129 ettusam
1525 3081 1606 3144 lugam
1627 3088 1710 3135 verte·

937 3168 1003 3218 bant
1036 3170 1067 3218 Et
1080 3171 1136 3231 post
1144 3169 1212 3218 lusos
1223 3170 1485 3234 bigatosqueLatinos‚
1496 3174 1521 3222 ct
1533 3178 1709 3228 cusnaeorum

935 3265 1016 3325 capta,
1038 3263 1121 3313 ierunt
1137 3264 1202 3312 circa
1226 3265 1392 3327 vespertinum
1422 3267 1612 3329 crepusculum,
1641 3268 1710 3319 finito

936 3356 1027 3418 proelio,
1041 3359 1125 3405 Rome
1143 3357 1167 3405 in
1187 3357 1239 3405 loro
1259 3358 1344 3407 ecdem
1368 3358 1442 3408 modo
1468 3366 1613 3423 conspectos
1633 3361 1710 3412 tuine

934 3454 997 3503 dnos
1007 3447 1183 3509 adolescentes,
1194 3450 1341 3500 militaribus
1357 3451 1457 3502 indutos
1470 3453 1591 3511 resiliens,
1602 3454 1709 3506 maxime
1749 3444 1751 3449 ’

935 3555 1048 3606 proceros
1059 3546 1083 3593 et
1095 3544 1224 3602 formosos,
1240 3547 1266 3593 et
1281 3543 1367 3593 eadem
1383 3548 1458 3594 etate
1470 3584 1476 3606 ,
1489 3549 1515 3595 et
1525 3546 1551 3595 in
1566 3547 1620 3610 ipso
1634 3547 1708 3598 vultu

934 3634 1015 3685 adbuc
1031 3635 1172 3696 retinentes,
1190 3639 1273 3698 utpote
1285 3649 1312 3684 er
1332 3636 1419 3698 prelio
1438 3637 1576 3699 redeuntes,
1594 3638 1707 3689 eumdem

934 3728 1040 3792 speciem
1053 3743 1128 3793 quam
1139 3730 1163 3777 in
1174 3729 1308 3778 certamine
1322 3729 1467 3791 babuerunt,
1480 3744 1605 3793 equosque
1617 3732 1708 3782 sudore

935 3821 1047 3871 madidos
1072 3822 1230 3873 adducentes.
1264 3823 1376 3885 curruque
1392 3835 1469 3886 equos
1492 3822 1524 3871 ad
1552 3826 1638 3886 potum
1659 3822 1707 3874 de·

933 3915 1061 3965 duxissent
1086 3918 1110 3965 et
1134 3928 1200 3978 aque
1227 3913 1361 3964 abluissent
1375 3927 1432 3976 quus
1457 3913 1556 3976 prolluit
1573 3928 1604 3964 ex
1625 3914 1707 3974 toute,

933 4009 976 4071 qui
993 4013 1033 4059 est
1050 4009 1082 4059 ad
1096 4007 1175 4058 codem
1196 4011 1289 4069 Vestes,
1308 4020 1413 4070 quaeque
1428 4019 1532 4070 parvum
1545 4006 1646 4071 quidem
1662 4007 1707 4057 sed

932 4096 1173 4160 protundumlacum
1191 4094 1275 4155 efficit,
1294 4094 1379 4144 mullis
1391 4107 1434 4143 eos
1451 4092 1663 4143 circumdantibus
1678 4106 1708 4142 eo

933 4185 995 4236 scire
1008 4184 1165 4249 cupientibus
1184 4181 1273 4244 ecquid
1291 4182 1348 4231 novi
1364 4194 1395 4230 es
1414 4181 1503 4230 cestris
1520 4180 1644 4242 afferrent,
1658 4193 1706 4243 pn-

932 4287 1006 4338 gunm
1021 4274 1081 4336 ipsis
1102 4284 1217 4321 narrasse
1237 4274 1265 4320 ut
1285 4271 1364 4319 iuerat
1382 4269 1522 4330 commissa,
1536 4272 1563 4319 et
1576 4268 1706 4318 victoriam

932 4363 1059 4412 nuntiasse
1074 4381 1080 4410 ε
1095 4375 1167 4424 quos,
1184 4374 1240 4411 cum
1254 4373 1269 4410 e
1281 4361 1334 4411 loro
1355 4374 1408 4410 sese
1430 4360 1592 4424 recepissent,
1606 4372 1621 4407 a
1638 4356 1706 4407 nullo

932 4453 1017 4514 postea
1029 4452 1174 4511 conspectos
1191 4461 1246 4498 esse
1258 4448 1372 4507 tradunt,
1387 4449 1446 4496 licet
1456 4448 1487 4496 ab
1503 4447 1571 4497 urbis
1590 4445 1706 4507 proeleclo

931 4536 974 4585 diu
984 4534 1084 4598 quaesiti
1098 4535 1196 4584 luerint.
1230 4536 1292 4583 eum
1304 4537 1387 4584 autem
1402 4537 1500 4597 postero
1511 4533 1550 4582 die
1565 4530 1705 4594 reipublice

930 4624 1051 4688 principes
1067 4621 1214 4672 adictotore
1226 4622 1308 4671 literas
1322 4621 1475 4684 accepissent
1494 4623 1531 4679 et,
1551 4621 1640 4681 preater
1655 4616 1704 4665 alia

929 4725 987 4777 quae
998 4711 1023 4762 in
1041 4724 1071 4762 eo
1087 4711 1173 4774 proelio
1192 4709 1339 4769 acciderent,
1364 4709 1536 4772 cognovissent
1549 4708 1623 4757 etiam
1640 4706 1703 4753 banc

930 4801 1032 4853 deorum
1042 4801 1168 4861 visionem,
1186 4800 1234 4849 rati
1247 4799 1380 4849 eorundem
1395 4799 1498 4848 deorum
1515 4797 1590 4845 tuisse
1602 4800 1702 4844 utrum·

929 4903 978 4952 que
996 4893 1133 4952 spectrum,
1155 4891 1183 4937 ut
1196 4886 1328 4936 verisimile
1349 4891 1411 4945 erat,
1427 4885 1536 4934 castoris
1552 4888 1576 4930 ct
1597 4882 1703 4933 Pollucis

928 4991 971 5028 eas
988 4976 1107 5040 imagines
1126 4990 1180 5026 esse
1203 4975 1369 5025 crediderunt.
1404 4972 1484 5021 liuius
1504 4969 1655 5020 incredibilis
1676 4976 1702 5023 el

929 5063 1080 5115 admirande
1107 5063 1209 5114 deornm
1226 5062 1362 5126 presentie
1384 5062 1468 5110 Rome
1496 5057 1575 5107 multo
1603 5063 1702 5109 exstant

929 5156 1089 5205 monumenta
1105 5172 1111 5201 ι
1127 5165 1182 5202 cnm
1197 5151 1249 5215 ipsa
1262 5150 1328 5199 redes
1340 5146 1449 5199 castoris
1459 5150 1485 5198 et
1496 5146 1610 5211 Pollucis,
1627 5162 1701 5210 qnam
