3772 5828
199 334 259 393 350

199 493 212 518 ι
227 467 275 535 λ’ής
293 461 340 522 καί
355 457 500 540 διαλλεγάς
522 457 704 536 ποιησαμένης
733 461 889 539 εὐπρεπεῖς,
905 462 974 540 ἀγα-

204 553 323 624 ιιιητῶς
350 549 384 610 τά
409 548 524 631 σφέτερα
545 548 673 618 δίξονται.
717 546 822 616 'litteus
839 570 869 606 τε
893 555 977 608 ταῦτα

204 667 214 690 ι
232 643 438 718 παραινοῦντες,
454 637 492 715 μή
507 635 611 717 χείρους
625 636 704 716 ὀργήν
729 626 796 696 εἰναι
817 639 869 694 τῶν
885 635 975 694 κακιό·

202 754 213 783 ι
231 751 282 786 νων
298 726 358 794 τοὺς
383 725 541 806 κρείττονας,
559 726 622 802 μηδ’
642 727 678 792 εἰς
693 727 790 785 ἰκτῖνον
812 724 978 784 ἀναόάλλεσ·

157 844 171 883 ι
201 844 213 867 ιι
231 821 275 875 θαι
297 816 341 875 τόν
362 814 456 895 χρόνον
480 813 527 881 τάς
547 811 706 892 διαλλαγὰς,
728 813 801 885 δέη
824 819 883 872 νοῦν
906 812 977 892 ἐχειν

198 933 211 955 ι
226 906 455 980 ἀναγκασθήσεται
478 902 509 961 τὸ
532 901 657 974 ἀνόητον,
681 898 699 972 ἢ
721 904 760 980 τῷ
784 902 883 979 μείζονι
901 903 977 981 κακῷ

201 991 473 1052 ιιτούλαττονίᾶσθαι
495 992 585 1051 ὅπλων
609 991 755 1069 παραδόσει
777 989 823 1049 καί
845 989 977 1066 σωμάτων

198 1083 353 1160 «ἐπιτροπῇ
369 1080 417 1152 τὴν
439 1078 586 1158 ἐλευθερίαν
607 1078 745 1158 ἀφαιρεθέν
768 1076 833 1137 αὖτό
849 1081 892 1158 ὑφ’
911 1079 977 1138 ίαυ·

199 1192 214 1225 ιι
229 1173 289 1229 τοῦ·
304 1175 387 1228 ταῦτα
401 1168 453 1250 γάρ
469 1167 544 1247 ἐγγίις
564 1157 632 1226 εἰναι
650 1171 696 1227 τοῦ
708 1167 850 1226 ἀδυνάτου·
865 1166 976 1248 μετρίως

145 1282 170 1320 ro
200 1286 213 1313 ι
230 1259 257 1318 δί
275 1256 461 1337 χρησαμένους
482 1253 616 1336 ἀρχηγοὺς
630 1258 684 1313 τῶν
699 1256 885 1335 συμφερόντων
911 1258 975 1334 βου-

197 1376 209 1400 ιι
223 1347 363 1423 λευμάτων
386 1343 506 1424 γενέσθαι
529 1345 575 1403 καί
587 1342 730 1425 προτέρους
747 1342 853 1403 ἐκείνων
870 1344 913 1402 ἐπὶ
929 1341 976 1411 τάς

200 1464 212 1487 ιι
230 1433 373 1514 διαλλαγὰς
387 1441 494 1513 χωρεῖν,
512 1431 717 1510 ἐνθυμουμένους
729 1431 769 1491 ὅτι
781 1431 812 1490 εδ
826 1429 874 1507 μέν
885 1430 975 1511 ἄρχειν

200 1553 212 1577 ι
228 1523 273 1582 καὶ
287 1522 466 1602 ἐπιτροπεύειν
481 1525 534 1588 τοῖς
552 1519 701 1601 πατρικίοις
720 1521 835 1600 ύπάρχει
846 1522 976 1601 ,φιλότη-

199 1639 211 1665 ιι
227 1632 270 1677 τος
288 1611 375 1669 δὲκαὶ
393 1609 497 1690 εἰρήνης
514 1614 568 1678 τοῖς
584 1613 703 1689 ἀγαθοῖς·
728 1610 759 1670 εδ
771 1611 799 1670 δέ
812 1609 915 1686 ἀξίωμα
929 1615 976 1684 τῆς

143 1728 168 1768 ις
199 1728 211 1753 ι
229 1702 324 1778 βουλῆς
338 1700 386 1758 οὐκ
406 1701 433 1759 ἐν
455 1701 523 1781 τῷδε
549 1698 667 1778 μάλιστα
691 1699 885 1759 ἐλαττώσεσθαι
907 1699 974 1758 ἀπέ-

195 1815 209 1841 a
224 1811 331 1870 φαινον,
344 1790 372 1846 ἐν
390 1777 412 1868 ᾧ
433 1787 588 1867 [μάλιστα]
606 1787 653 1855 τάς
676 1787 823 1867 ἀναγκαίας
840 1786 974 1870 συμφορὰς

199 1909 212 1932 ιι
226 1877 351 1953 γενναίως
365 1875 484 1957 φέροντες
500 1879 626 1960 ἀσφαλῶς
640 1878 850 1951 πολιτεύσουσιν,
871 1876 929 1937 ἀλλ’
947 1881 974 1937 ἐν

198 1994 210 2018 ι
227 1957 249 2045 ᾧ
270 1964 437 2045 δυσοργήτως
457 1968 514 2032 ταῖς
528 1965 622 2045 τύχαις
637 1968 786 2042 ὁμιλοῦντες
800 1964 974 2044 ἀνατρέψουσι

194 2083 207 2106 ιι
224 2054 255 2114 τό
279 2054 379 2114 κοινόν.
443 2051 543 2122 Ἆνοίας
563 2055 587 2112 δ’
610 2052 685 2133 ἔργω
716 2045 794 2128 εἰναι,
810 2057 856 2125 τῆς
878 2054 973 2135 εἰιπρε-

196 2171 209 2196 ι
226 2143 302 2211 πείας
316 2142 484 2224 ὀρεγομένους
495 2146 543 2216 τῆς
560 2144 705 2223 ἀσφαλείας
717 2145 858 2222 ὑπερορᾶν·
869 2142 973 2221 ἀγαπη·

196 2261 209 2287 ι
225 2232 268 2292 τὸν
283 2232 331 2309 μὲν
348 2231 400 2313 γάρ
422 2233 521 2314 ἀμφοῖν
536 2230 685 2312 τυγχάνειν,
704 2232 761 2288 εἶδ’
779 2229 919 2312 ἐξείργοιτό
932 2254 972 2297 τις

195 2349 207 2374 ι
224 2320 350 2400 θατέρου,
364 2319 398 2379 τθ
417 2320 536 2402 σωτήρια
549 2322 602 2379 τῶν
614 2321 828 2399 ιόπρεπεστέρων
846 2319 972 2396 νομιστέα

198 2439 209 2461 ι
226 2409 428 2488 ἀναγκαιότερα.
449 2409 557 2474 ιΤέλος
574 2407 597 2467 δ’
611 2399 644 2481 ήν
655 2413 707 2468 τῶν
716 2413 802 2466 ταῦτα
814 2408 971 2488 παραινούν·

193 2523 256 2572 των,
278 2498 403 2577 πρέσόεις
430 2499 600 2559 ἀποστέλλειν
617 2496 677 2565 τοῦς
699 2496 894 2574 διαλεξομένους
917 2498 971 2566 τοῖς

139 2610 165 2649 aa
194 2587 352 2669 ἀφεστηκόσι
367 2585 428 2668 περὶ
444 2586 546 2667 φιλίας,
560 2588 595 2654 ὡς
610 2584 684 2647 ούδέν
706 2587 794 2654 αὐτοῖς
815 2587 969 2668 ἡμάρτηται

193 2678 347 2747 ἀνήκεστον.

231 2764 357 2826 illi'lli.
381 2763 485 2824 Ἐδόκει
493 2767 577 2822 ταῦτα
591 2767 624 2845 τῇ
638 2767 719 2843 βουλῇ
731 2787 738 2802 ·
751 2764 796 2823 καί
807 2764 875 2841 μετά
884 2768 969 2823 ταῦτα

192 2852 417 2932 προχειρισαμένη
428 2851 487 2918 τοῦς
497 2851 722 2922 ἐπιτηδειοτάτους
735 2852 899 2933 διεπέμψατο
906 2852 970 2929 πρὸς

192 2939 251 3006 τοὺς
262 2939 305 2997 ἰπὶ
320 2945 366 2998 τοῦ
380 2941 509 3020 χάρακος,
520 2939 691 3017 ἐντειλαμένη
711 2941 889 3000 πυνθάνεσθαι
903 2942 970 3019 παρ’

137 3049 165 3089 au
193 3029 311 3099 αἰτῶν,ιι
322 3027 390 3095 τίνος
399 3027 503 3087 δέονται
516 3025 563 3085 καί
573 3027 618 3086 ἐπὶ
629 3026 682 3087 τίσι
699 3026 926 3095 δικαίοιςάξιοῦσιν
934 3032 969 3095 εἰς

193 3143 205 3169 ιι
221 3115 269 3187 τήν
287 3118 362 3175 πολιν
387 3114 572 3196 ἀναστρέφειν·
588 3119 611 3175 εἰ
626 3115 678 3194 γάρ
692 3115 733 3187 εἰη
747 3137 773 3172 τι
794 3115 898 3193 μέτριον
923 3116 969 3175 καί

192 3232 203 3255 ιι
220 3204 329 3264 δυνατὸν
344 3206 396 3264 τῶν
416 3201 593 3278 αἰτημάτων,
608 3203 656 3262 οὐκ
676 3201 878 3262 έναιτιιύσεσθαί
896 3226 969 3286 σφισι

192 3323 202 3346 ιι
218 3293 267 3366 τήν
287 3293 396 3372 βουλήν.
441 3294 498 3352 Νῦν
512 3290 560 3368 μέν
579 3282 624 3352 σύν
641 3293 727 3359 αὖτοῖς
749 3292 917 3370 ἀποθεμένοις
934 3291 969 3351 τά

194 3412 205 3434 ι
223 3383 293 3442 ὅπλα
307 3383 352 3440 καί
368 3386 502 3441 κατιοῦσιν
519 3383 557 3448 εἰς
571 3382 618 3454 τὴν
639 3381 715 3440 πόλιν
738 3380 827 3440 ἄδειαν
847 3379 967 3461 ὑπάρξειν

135 3495 161 3532 ss
190 3502 201 3523 ιι
218 3476 269 3531 τῶν
291 3471 485 3550 ἡμαρτημένων
506 3471 551 3529 καὶ
578 3473 614 3539 εἰς
633 3472 677 3532 τόν
701 3470 754 3531 ἀπὸ
775 3473 850 3530 τοῦδε
875 3471 968 3553 χρόνον

193 3590 204 3610 ι
222 3559 383 3635 ἀμνηστίαν·
411 3556 456 3620 ἰάν
485 3559 513 3617 δέ
542 3559 576 3619 τά
601 3561 731 3639 κράτιστα
760 3561 905 3641 βουλεύωσι
929 3567 968 3641 τῷ

191 3677 203 3702 ι
220 3653 298 3731 κοινῷ
323 3649 367 3708 καί
388 3647 528 3728 προθύμως
548 3650 716 3710 κινδυνεύωσι
729 3652 794 3732 ὑπέρ
810 3656 857 3723 τῆς
871 3649 975 3730 πατρίᾸ

189 3767 201 3789 ιι
216 3741 271 3811 ὀος,
297 3737 410 3817 ἀμοιόίις
433 3737 517 3805 καλάς
539 3738 585 3797 καί
603 3740 753 3806 λυσιτελεῖς.
781 3767 794 3791 ι
818 3740 924 3808 Ταύτας
944 3742 967 3798 οἱ

186 3825 309 3905 πρέσόεις
325 3827 371 3895 τάς
391 3825 496 3894 tacti<
509 3827 694 3906 κομισάμενοι,
707 3828 837 3887 ἀπέδοσαν
855 3837 908 3896 τοῖς
923 3828 967 3887 ἰπὶ

133 3936 160 3975 ευ
187 3914 365 3993 στρατοπέδου
394 3914 440 3974 καὶ
480 3912 515 3973 τά
538 3913 668 3974 ἀκόλουθα
692 3916 875 3995 διελέχθησαν.
926 3917 967 3976 ot

187 4000 333 4077 δεξαμένων
350 4001 377 4061 δέ
397 4006 450 4061 τῶν
471 4006 627 4063 ἀποστατῶν
649 4002 695 4071 τάς
716 4003 890 4084 προκλήσεις,
906 4004 967 4062 ἀλλ’

187 4090 329 4167 ὑπεροβίαν
349 4090 395 4148 καί
417 4092 555 4171 βαρύτητα
580 4091 626 4151 καλ
646 4092 747 4165 πολλὴν
765 4092 899 4171 εἰρωνείαν
914 4098 967 4163 τοῖς

186 4177 333 4254 πατρικίοις
352 4179 545 4252 ὀνειδισάντων,
560 4208 572 4234 ιι
587 4183 610 4239 εἰ
625 4184 829 4260 προσποιοῦνται
848 4178 896 4257 μὲν
913 4185 965 4260 ἀγ-

189 4295 201 4319 ιι
219 4269 286 4324 νοεῖν
301 4258 361 4324 ὧνό
376 4269 458 4343 δῆμος
473 4269 556 4327 δεῖται
569 4269 615 4328 καί
631 4268 663 4327 δι’
681 4269 711 4333 ἀς
727 4267 842 4345 ἀνάγκας
855 4270 901 4328 ἀπ’
916 4274 966 4331 αύ-

133 4381 158 4419 sa
189 4383 200 4406 ιι
218 4359 269 4414 τῶν
290 4355 412 4431 ἀπέστη,
432 4357 585 4436 χαρίζονται
610 4357 637 4416 δὲ
655 4357 788 4437 αὐτῷτὴν
810 4358 899 4417 ἄδειαν
920 4365 967 4418 τοῦ

190 4470 201 4493 ιι
222 4441 354 4519 μηδεμίαν
375 4446 500 4523 ὑποσχεῖν
525 4449 573 4516 τῆς
607 4448 777 4513 ἀποστάσεως
801 4446 888 4520 δίκην,
911 4446 966 4508 ἰάσ-

189 4557 201 4582 ιι
218 4554 268 4608 περ
283 4532 322 4590 ἔτι
336 4530 436 4609 κύριοι,
451 4536 497 4603 τῆς
513 4533 634 4611 βοηθείας
648 4558 677 4611 γε
688 4533 763 4593 αὐτοὶ
777 4535 896 4612 δεόμενοι
918 4542 966 4609 τῆς

188 4646 200 4672 ιι
217 4621 353 4690 πολιτικῆς
370 4619 414 4678 ἐπὶ
428 4618 488 4686 τοῦς
510 4623 622 4690 ὀθνείους
637 4621 770 4699 πολέμους
790 4627 837 4682 ούκ
852 4625 888 4690 εἰς
911 4648 966 4701 μα·

187 4737 200 4761 ιι
217 4708 282 4790 κράν
307 4707 493 4786 ἐλευσομένους
523 4719 711 4792 πανστρατιᾷ,
739 4713 804 4793 πρὸς
838 4712 882 4779 οῦς
907 4713 965 4773 οὐδὲ

132 4827 158 4866 ⁶0
189 4823 200 4847 ιι
219 4802 329 4880 ἀνταραι
353 4797 529 4872 δυνήσονται,
552 4800 612 4880 [οἰ]
635 4806 664 4859 ού
693 4800 818 4882 σφέτερον
839 4806 965 4879 ἡγοῦνται

188 4910 200 4933 ιι
217 4886 247 4944 τό
264 4894 379 4960 σωθῆναι
401 4886 511 4966 ἀγαθὸν,
538 4887 608 4947 ἀλλά
628 4891 680 4949 τῶν
714 4889 963 4968 συναγωνιουμένων

184 4996 196 5020 ιι
211 4974 362 5053 εὐτύχημα·
391 4977 462 5045 τέλος
483 4978 510 5036 δέ
529 4981 621 5038 τοῦτον
647 4979 815 5058 προσθέντων
838 4980 883 5038 τὸν
912 4981 958 5038 λό-

188 5080 280 5138 ιιγον,
297 5067 332 5128 ὡς
346 5065 451 5142 ἀμεινον
479 5067 531 5139 ἤδη
554 5064 629 5124 οὗτοί
655 5067 782 5142 μαθόντες
812 5066 858 5134 τάς
886 5091 963 5126 κατε-

187 5175 200 5201 ι
215 5149 313 5230 χούσας
335 5153 383 5224 τήν
406 5154 484 5212 πόλιν
504 5154 615 5234 ἀπορίας
639 5153 783 5232 γνώσονται
809 5156 875 5237 πρὸς
889 5153 961 5226 οίους

97 5324 187 5480 χ

726 326 892 388 DlONYSll
915 326 1291 389 nnttcnuunsssnsls

1032 487 1046 512 ιι
1060 469 1146 518 senatu
1170 465 1359 528 denumeratur,
1378 469 1404 518 et
1424 465 1536 518 honeste
1561 466 1631 532 pacis
1657 468 1813 523 conditiones

1033 573 1046 598 ιι
1061 557 1262 618 proponerentur,
1280 553 1332 604 fore
1349 557 1378 604 ut
1395 553 1504 604 mutanti
1523 553 1547 603 in
1565 552 1676 618 proprias
1690 556 1765 607 seiles
1786 571 1813 609 se

1032 660 1046 685 ιι
1061 641 1206 706 reciperent.
1240 644 1306 692 Dum
1324 645 1409 692 autern
1424 643 1538 706 patribus
1551 640 1678 693 condilum
1699 642 1748 694 boo
1767 645 1813 695 da-

1032 751 1044 775 ι
1059 735 1122 792 rent,
1134 732 1237 784 orabant
1250 745 1302 794 aas,
1321 745 1352 784 ne
1370 732 1416 796 ipsi
1431 733 1616 797 prestantiores
1626 731 1657 783 ab
1668 732 1814 786 bominibus

1032 839 1045 863 ι
1057 820 1222 871 deterioribus
1231 820 1267 870 ira
1281 821 1347 875 vinci
1360 824 1503 885 paterentur
1513 833 1576 872 nere
1594 821 1620 871 in
1640 820 1700 873 illud
1710 824 1813 888 ternpus

1032 927 1045 951 ιι
1060 907 1262 972 compositionem
1280 908 1429 973 differrent,
1447 922 1498 975 quc
1518 909 1590 961 stulti
1606 910 1646 961 rel
1664 914 1814 964 necessitate

1032 1016 1045 1040 ιι
1063 996 1143 1047 coacti
1156 1009 1256 1061 sapere,
1270 997 1310 1048 rel
1323 996 1405 1047 minus
1413 997 1506 1047 malum
1520 996 1608 1048 maiori
1619 1012 1715 1061 sanare,
1728 1003 1814 1052 eitra-

1032 1107 1045 1130 ιι
1058 1086 1119 1137 ditfs
1134 1088 1210 1137 armis
1223 1089 1249 1137 et
1268 1086 1412 1151 corporibus
1423 1085 1512 1138 deditis
1533 1086 1674 1141 bbertatem
1692 1088 1741 1153 ipsi
1763 1091 1812 1142 sibi

1032 1195 1045 1219 ιι
1058 1175 1152 1239 eripere
1165 1180 1310 1240 cogerentur
1325 1195 1332 1225 ι
1349 1188 1404 1226 esse
1423 1176 1489 1226 enim
1510 1175 1567 1227 bec
1579 1190 1655 1242 prope
1669 1178 1813 1244 impossibi-

1031 1283 1044 1308 ι
1061 1263 1106 1324 ba,
1119 1263 1244 1314 moderate
1257 1265 1341 1313 autem
1360 1276 1388 1314 sa
1401 1266 1514 1327 gerentes
1534 1264 1691 1315 consiliorum
1714 1267 1812 1318 utillum
1857 1273 1861 1279 “

1032 1359 1176 1406 «auctores
1200 1356 1297 1414 assent,
1320 1358 1346 1404 et
1359 1353 1457 1418 plebem
1479 1353 1511 1404 ad
1538 1355 1741 1419 compositionem
1753 1371 1812 1422 pro-

1032 1467 1044 1490 ι
1059 1447 1191 1507 comneni,
1206 1445 1348 1509 reputantes
1360 1443 1597 1495 administrationem
1611 1447 1637 1496 et
1657 1459 1741 1499 curam
1758 1448 1811 1497 rei·

1032 1554 1045 1579 ιι
1060 1533 1164 1600 publicu
1176 1533 1205 1583 ad
1231 1532 1344 1596 patricios
1357 1532 1498 1596 pertinere,
1514 1533 1623 1584 amicitie
1637 1547 1696 1584 rero
1706 1537 1733 1584 et
1747 1548 1811 1599 prce

1031 1644 1044 1668 ιι
1057 1622 1129 1674 bonis
1142 1622 1238 1673 uiribus
1257 1634 1319 1685 opus
1343 1635 1403 1672 esse.
1438 1624 1544 1672 Senatus
1561 1635 1636 1686 porro
1660 1622 1808 1685 amplitudi-

1031 1732 1043 1756 ι
1059 1725 1114 1762 nem
1132 1723 1181 1761 non
1192 1709 1299 1760 multum
1320 1709 1477 1759 imminutum
1496 1709 1528 1759 iri
1542 1709 1664 1769 dicebant,
1676 1709 1698 1760 si
1712 1710 1809 1761 fortiter

1030 1820 1043 1844 ιι
1059 1813 1132 1851 casus
1147 1799 1299 1850 necessarios
1312 1797 1417 1848 ferentes
1431 1799 1487 1847 tuta
1510 1797 1613 1849 consilia
1632 1801 1808 1864 sequerentur:

1031 1909 1043 1933 ι
1060 1888 1104 1940 sed
1114 1887 1136 1939 sl
1152 1886 1279 1938 iracundia
1296 1885 1420 1937 inanimis
1443 1886 1602 1950 pertinaciter
1621 1891 1720 1939 serrata
1740 1901 1809 1939 rem·

1030 1996 1042 2020 ι
1058 1974 1181 2039 publicam
1198 1977 1346 2026 everterent.
1381 1974 1463 2024 lusani
1479 1977 1564 2026 autem
1580 1987 1653 2037 esse,
1672 1975 1756 2026 decori
1768 1975 1810 2036 ‚ita

1028 2084 1042 2111 ιι
1055 2063 1171 2128 cupidum
1181 2076 1250 2123 esse,
1263 2064 1291 2112 ut
1301 2062 1424 2126 propriam
1431 2063 1538 2114 salutern
1546 2063 1665 2128 negligat:
1674 2062 1809 2126 optandum

1028 2174 1041 2198 ιι
1056 2153 1121 2205 enim
1134 2166 1189 2203 esse
1201 2155 1334 2216 utrumqne
1349 2165 1421 2215 possa
1429 2153 1563 2217 consequi:
1581 2152 1625 2203 sed
1640 2153 1662 2202 si
1677 2152 1732 2216 quis
1741 2150 1807 2202 alte·

1028 2263 1041 2289 ι
1056 2246 1126 2293 rutro
1145 2241 1314 2306 prohibeatur,
1335 2241 1440 2291 salutem
1461 2240 1585 2293 honestati
1607 2244 1691 2291 utrum
1712 2239 1808 2303 magnis

1027 2352 1039 2375 ι
1055 2329 1218 2381 necessariam
1230 2327 1407 2391 preferendam
1422 2340 1484 2380 essa.
1511 2327 1622 2393 Denique
1643 2341 1726 2380 eorum
1746 2341 1805 2378 con·

1028 2441 1040 2465 ιι
1055 2420 1138 2472 silium
1153 2418 1332 2484 suspectabat,
1352 2420 1381 2469 ut
1396 2416 1471 2483 legati
1485 2417 1518 2470 ad
1530 2418 1634 2484 plebem.
1647 2431 1703 2481 quae
1725 2431 1809 2469 seces-

1027 2530 1039 2553 «
1054 2508 1147 2560 sionem
1160 2507 1265 2568 fecerat,
1277 2506 1309 2557 de
1325 2520 1385 2569 pace
1400 2507 1573 2568 mitterentur,
1588 2521 1646 2558 cum
1664 2507 1760 2557 nullum
1775 2507 1808 2557 ab

1027 2617 1039 2640 ιι
1052 2611 1083 2649 ea
1092 2599 1223 2662 peccatum
1231 2595 1299 2660 quod
1311 2594 1394 2645 sanari
1404 2608 1453 2646 nou
1464 2600 1549 2660 posset
1560 2595 1697 2648 admbsum
1708 2598 1781 2647 esset.
1796 2615 1808 2639 ιι

1056 2779 1166 2829 llLVlll.
1191 2775 1288 2826 Placuit
1307 2774 1333 2825 id
1352 2775 1457 2827 senatui.
1473 2777 1562 2827 Postea
1578 2775 1686 2826 delectos
1705 2775 1737 2826 ad
1752 2789 1806 2827 earn

1025 2879 1078 2916 rem
1104 2864 1211 2916 maxime
1233 2864 1334 2914 idoneos
1352 2864 1419 2914 vtrcs
1439 2863 1506 2914 misit
1524 2864 1550 2912 iu
1566 2864 1647 2912 cestra
1664 2876 1749 2912 eorum
1765 2862 1807 2924 qui

1025 2955 1187 3005 secessionem
1198 2954 1314 3012 fecerunt,
1329 2955 1357 3002 ut
1366 2953 1505 3016 quaererent
1516 2963 1546 3000 ex
1557 2948 1604 2999 illis
1612 2969 1625 2993 ι
1636 2949 1753 3011 quidnam
1762 2962 1807 3012 pa·

1026 3061 1037 3085 ι
1057 3044 1180 3100 terent,et
1191 3040 1341 3104 quibusnam
1348 3036 1528 3090 conditionibus
1539 3037 1563 3086 in
1572 3035 1658 3085 urbem
1666 3035 1746 3086 redire
1752 3036 1805 3086 vel·

1025 3150 1037 3173 ιι
1052 3129 1120 3179 lent:
1134 3143 1190 3179 nam
1203 3128 1293 3191 siquid
1304 3129 1370 3191 aqut
1384 3124 1504 3189 autquod
1524 3123 1578 3175 fieri
1597 3124 1676 3187 possit
1694 3124 1807 3187 pustula·

1026 3237 1038 3261 ιι
1055 3220 1119 3279 rent,
1132 3221 1244 3268 senatum
1256 3217 1304 3265 illis
1317 3230 1365 3266 non
1379 3213 1569 3265 adversaturum
1581 3211 1713 3263 timebunt.
1735 3214 1807 3262 lluuc

1025 3325 1038 3348 ιι
1055 3305 1130 3370 igitur
1143 3305 1164 3355 si
1177 3318 1246 3355 arma
1262 3302 1430 3368 deposuerint,
1443 3306 1470 3353 et
1481 3301 1506 3351 in
1519 3301 1606 3352 urbem
1620 3299 1746 3361 redierint,
1766 3299 1807 3350 de

1025 3416 1037 3439 ι
1062 3395 1174 3445 lictorum
1189 3393 1359 3458 impunitatem
1374 3394 1487 3443 senatum
1503 3390 1551 3441 illis
1568 3402 1757 3448 concessurum,
1781 3392 1807 3438 et

1025 3504 1037 3527 ιι
1055 3498 1153 3535 omnem
1167 3483 1312 3534 iniuriarum
1324 3481 1470 3532 memoriam
1483 3479 1510 3530 in
1524 3483 1652 3543 posterum
1671 3476 1802 3541 depositu-

1024 3590 1037 3616 ιι
1051 3586 1108 3622 rum
1127 3591 1134 3622 ι
1151 3570 1216 3635 quud
1232 3570 1323 3619 sivero
1337 3572 1464 3619 strenuam
1478 3579 1578 3632 operam
1594 3564 1737 3628 reipublice
1758 3577 1805 3613 na-

1025 3680 1037 3702 ι
1053 3661 1142 3719 rarint,
1156 3661 1182 3710 ct
1192 3657 1305 3708 alacriter
1320 3671 1364 3720 pru
1377 3656 1456 3721 patria
1475 3655 1584 3720 pericula
1602 3652 1732 3714 subierint,
1753 3665 1806 3702 non

1024 3770 1036 3793 «
1054 3749 1183 3814 defutura
1196 3752 1276 3799 etium
1288 3747 1392 3798 honesta
1412 3761 1443 3797 ac
1465 3747 1591 3797 fructuosa
1606 3745 1715 3810 praemia.
1730 3765 1743 3790 ι
1755 3747 1804 3795 be·

1023 3837 1073 3900 gaii
1087 3837 1142 3887 haec
1154 3838 1268 3887 mandata
1282 3835 1348 3899 apud
1364 3835 1502 3887 exercitum
1513 3837 1686 3898 exposuerunt,
1700 3832 1802 3883 addide-

1023 3928 1130 3988 runtque
1143 3939 1181 3983 ea,
1193 3939 1249 3989 quus
1261 3925 1291 3974 ad
1304 3937 1418 3974 caussam
1438 3922 1518 3974 fecere
1531 3921 1721 3972 arbitrabantur.
1754 3917 1801 3968 Sed

1022 4025 1079 4061 cum
1097 4011 1174 4076 plebs,
1195 4026 1252 4076 quae
1265 4012 1374 4075 patriciis
1391 4013 1555 4062 secessionem
1574 4011 1675 4069 fecerat,
1690 4019 1733 4058 ess
1743 4019 1801 4056 uou-

1021 4100 1127 4152 ditiones
1147 4114 1194 4151 uon
1213 4101 1371 4164 admisisset,
1387 4104 1414 4152 at
1431 4101 1456 4150 in
1484 4099 1645 4162 patriciorum
1665 4095 1802 4161 superbiam

1021 4191 1046 4240 ef
1065 4189 1225 4241 acerbitatem
1244 4192 1270 4240 et
1282 4203 1395 4252 magnam
1414 4188 1596 4238 simulationem
1613 4183 1801 4248 graviterlnve-

1023 4278 1132 4338 beretur,
1144 4300 1157 4324 ιι
1165 4280 1231 4342 qnod
1245 4280 1390 4329 simularent
1399 4293 1425 4328 sc
1434 4278 1548 4342 ignorare
1557 4289 1677 4338 quasnam
1685 4288 1725 4325 res
1732 4271 1802 4338 plebs

1022 4387 1034 4410 ιι
1050 4369 1160 4430 peieret,
1179 4370 1205 4416 et
1219 4368 1311 4430 quibus
1326 4369 1412 4415 concta
1434 4364 1623 4415 necessitatibus
1642 4364 1673 4413 ab
1688 4364 1749 4427 ipsis
1764 4376 1802 4413 se·

1023 4474 1034 4498 ιι
1047 4454 1172 4513 cessisset,
1183 4459 1210 4504 et
1218 4456 1240 4503 ei
1257 4456 1428 4518 impunitatem
1441 4453 1620 4511 concederent,
1633 4465 1664 4500 ne
1675 4451 1707 4500 ob
1720 4464 1802 4501 seces·

1022 4562 1033 4585 ιι
1050 4542 1142 4592 sionem
1157 4542 1246 4591 factum
1257 4543 1319 4591 nllus
1334 4555 1416 4605 [uenas
1430 4538 1509 4598 daret,
1526 4540 1596 4600 quasi
1610 4551 1696 4587 rerum
1708 4550 1802 4587 summa

1022 4653 1033 4678 ιι
1049 4646 1124 4697 penes
1139 4631 1195 4681 illos
1205 4631 1287 4681 adhuc
1301 4634 1367 4681 esset
1378 4669 1384 4689 ,
1397 4644 1453 4679 cum
1473 4628 1519 4690 ipsi
1534 4626 1626 4676 civium
1640 4627 1733 4677 auxilio
1746 4641 1801 4677 con·

1021 4740 1033 4763 ι
1048 4723 1088 4770 tra
1108 4724 1238 4769 catomum
1262 4720 1358 4768 hostem
1389 4717 1448 4767 totis
1468 4714 1565 4764 viribus
1583 4715 1685 4779 jamjam
1709 4717 1802 4767 affutu-

1020 4830 1033 4853 ιι
1048 4821 1104 4858 rum
1129 4812 1245 4870 egerent,
1264 4809 1304 4858 cui
1321 4821 1352 4857 ne
1369 4808 1482 4857 resistere
1500 4804 1600 4868 quidem
1623 4813 1726 4869 possent
1745 4808 1801 4868 ipsi,

1021 4919 1033 4942 ι
1044 4910 1123 4960 neque
1138 4898 1220 4946 tamen
1239 4896 1345 4946 salutem
1358 4908 1429 4943 suam
1450 4893 1497 4943 sibi
1510 4893 1642 4945 utilitatem
1657 4908 1730 4957 quam
1745 4892 1801 4942 belli

1020 5007 1032 5031 ιι
1049 4985 1122 5036 sociis
1136 4984 1277 5035 felicitatem
1297 4984 1427 5033 allaturam
1451 4985 1574 5046 putarent.
1594 5003 1605 5025 ιι
1640 4984 1701 5032 cum
1716 4982 1800 5030 autem

1017 5076 1114 5140 plebeii
1126 5074 1230 5124 orationi
1241 5087 1293 5124 sura
1306 5073 1373 5122 bunc
1389 5071 1541 5122 addidissent
1554 5071 1642 5129 finem,
1657 5069 1724 5132 ipsos
1756 5082 1801 5128 pa-

1018 5169 1177 5234 frisios,ia1n
1191 5170 1280 5220 mcbus
1296 5166 1400 5232 cognitis
1414 5165 1616 5228 difficultatibus,
1638 5161 1731 5227 quibus
1747 5176 1799 5214 res-
