3772 5828
183 304 244 365 496

184 438 333 515 ἀκραιρνείς
343 434 395 490 τῶν
409 430 554 507 Ῥωμαίων
569 428 690 497 ἀπιόντας
710 431 803 497 αὑτοὺς
817 430 957 509 δέχονται·

184 522 229 579 καὶ
243 514 275 591 ἦν
288 508 361 583 αὖθις
381 516 409 586 ii
423 521 547 597 ὑπαρχῆς
561 518 716 599 ἀμφοτέρων
731 518 852 595 ίκθὺμως
865 518 961 594 ἀγωνι-

183 608 298 684 ζομένων
315 605 390 685 μάχη
413 605 546 687 καρτερά·
560 606 606 665 καί
626 606 678 687 γάρ
702 607 749 666 καὶ
763 612 788 667 ol
804 611 857 665 τῶν
872 603 962 684 Ἑρνί-

184 722 237 755 κων
253 696 443 773 ἐξεπληροῦντο
457 694 534 775 λόχοι
553 704 606 761 τοῖς
623 697 741 770 ἀκμῆσιν
765 692 961 772 ὑποπεμπομέ-

144 818 157 855 ς
184 808 236 851 νοις
250 789 285 851 εἰς
295 786 327 842 τὰ
343 784 477 861 κάμνοντα
494 784 545 841 ὑπὸ
557 788 609 845 τῶν
624 783 771 863 ἡγεμόνων.
802 782 914 854 Ἐπειδὴ
933 780 960 841 ὑί

184 874 245 953 περὶ
264 870 351 944 θιίλην
366 871 444 951 ὀψίαν
461 862 494 943 ἧν
505 869 575 943 ἤδη,
597 872 786 949 παρακαλέσας
799 872 859 937 τοὺς
871 871 961 936 ἱππεῖς

182 966 197 1020 θ
212 962 311 1029 ὕπατος
324 962 379 1021 νυνὶ
394 962 426 1033 δὴ
439 960 536 1039 ἀνδρας
555 957 669 1036 ἀγαθοὺς
682 958 818 1037 γενέσθαι,
833 958 961 1035 ίμόάλλει

181 1058 236 1116 τοῖς
249 1050 383 1129 πολεμίοις
393 1048 463 1109 κατά
485 1049 515 1107 τὸ
532 1047 614 1117 δεξιὸν
629 1048 707 1128 κέρας
725 1050 803 1116 αὐτὸς
816 1049 960 1128 ἡγούμενος

181 1142 229 1209 τῆς
250 1138 317 1212 ἴλης.
359 1140 395 1199 Ol
416 1136 444 1195 δέ
463 1136 550 1214 ὀλίγον
565 1138 624 1194 τινὰ
647 1134 784 1213 δεξάμενοι
800 1138 894 1217 χρόνον
914 1138 959 1194 αὖ·

130 1264 157 1303 1,,
182 1225 241 1293 τοὺς
265 1228 432 1306 ἐγκλίνουσι,
460 1225 619 1302 καὶγίνεται
635 1224 710 1306 ράνος
731 1226 842 1281 ἐνταῦθα
865 1222 956 1287 πολύς.

181 1316 222 1375 Ί“ο
234 1315 282 1393 μίν
297 1309 341 1376 οὑν
356 1314 437 1384 δεξιὸν
451 1317 504 1373 τῶν
528 1312 657 1395 Ἑρνίκων
678 1314 755 1391 κέρας
769 1312 854 1370 ἐπόνει
869 1310 894 1369 τ’
907 1310 958 1383 ἤδη

182 1406 229 1465 καί
244 1406 360 1476 ἐξέλειπε
370 1405 418 1477 τὴν
440 1403 526 1472 τάξιν·
547 1403 616 1463 τὸδ’
634 1402 766 1479 εὐώνυμον
794 1400 832 1459 ἔτι
854 1404 958 1481 ἀντεῖχε

182 1494 228 1553 καλ
244 1502 338 1577 περιῆν
353 1499 399 1554 τοῦ
416 1492 560 1570 Ῥωμαίων
575 1490 671 1561 δεξιοῦ·
688 1494 745 1568 μετ’
760 1490 847 1568 ὀλίγον
869 1488 956 1565 μέντοι

182 1584 228 1641 καλ
243 1588 319 1643 τοῦτο
331 1580 466 1642 ἀνέδωκεν.
509 1579 545 1642 Ὁ
556 1581 608 1660 γάρ
620 1579 754 1647 Ἀκύλλιος
766 1581 825 1649 τοὺς
838 1580 958 1661 ἀρίστους

130 1703 155 1741 1,
181 1672 232 1728 τῶν
247 1674 310 1731 νέων
325 1669 486 1748 ἐπαγόμενος
500 1668 662 1748 παρεθοήθει
681 1669 770 1740 κάκεῖ,
790 1666 959 1747 παραθαρρύ-

180 1782 231 1817 νων
247 1783 275 1819 τι
291 1760 336 1818 καὶ
353 1760 380 1828 ἐξ
400 1757 528 1836 ὀνόματος
552 1759 691 1817 ἀνακαλῶν
714 1756 772 1825 τοὺς
797 1756 919 1825 εἰωθότας
932 1759 959 1815 έν

180 1856 238 1915 ταῖς
250 1848 311 1928 πρὶν
331 1846 476 1928 ἀριστεύειν
492 1846 608 1927 μάχαις,
628 1845 704 1905 τότε
718 1855 817 1925 σημεῖα
838 1849 890 1905 τῶν
911 1846 959 1905 λό-

179 1962 251 2019 χων,
267 1940 324 1999 όοοι
342 1938 380 2013 μθ,
399 1937 553 2018 ἐρρωμένως
573 1934 679 1997 litasse
694 1934 857 2012 ἀμύνεσθαι,
883 1934 958 2015 παρὰ

179 2032 233 2087 τῶν
247 2027 429 2106 σημειοφόρων
450 2024 576 2104 ἁρπάζων
592 2026 627 2090 είς
643 2022 738 2099 μίσους
760 2020 877 2102 ἀρρίπτει
899 2024 959 2090 τοὺς

127 2142 155 2183 ου
179 2117 336 2195 πολεμίους,
348 2114 392 2173 ‘iun
405 2114 435 2171 τὸ
449 2113 506 2180 δέος
518 2111 610 2179 αὑτοὺς
627 2115 674 2182 τῆς
686 2111 794 2187 ἐννόμου
810 2110 956 2189 τιμωρίας,

179 2206 203 2264 εί
214 2206 252 2283 μὴ
268 2204 450 2263 ἀνασώσαιντο
461 2200 508 2268 τθς
518 2200 649 2277 σημαίας,
660 2200 755 2279 ἀνδρας
767 2198 879 2277 άγαθοὺς
890 2188 957 2257 εἶναι

180 2289 332 2372 ἀναγκάσῃ·
354 2292 393 2368 τῷ
416 2312 445 2348 τε
465 2289 594 2367 κάμνοντι
611 2288 688 2353 αὑτὸς
708 2286 867 2367 capessite
883 2286 957 2368 μέρει

179 2382 237 2454 ἀεὶ,
264 2381 318 2447 ‘inte
341 2377 435 2449 ἐξέωσε
461 2382 509 2450 τῆς
529 2377 647 2443 στάσεως
668 2374 715 2435 καὶ
739 2374 846 2455 θάτερον
866 2374 954 2456 κόρας.

179 2469 362 2529 Ψιλωθέντων
379 2466 406 2526 θλ
425 2469 477 2525 τῶν
492 2465 580 2545 άκρων
600 2463 660 2524 οὑδὲ
679 2464 713 2522 τά
725 2464 795 2540 μέσα
810 2464 954 2544 παρέμενε.

126 2583 153 2623 as
179 2557 261 2637 Φυγὴ
274 2559 306 2631 δὴ
316 2562 368 2617 τῶν
381 2555 511 2635 Ἑρνίκων
526 2554 557 2613 τὸ
568 2554 636 2631 μετά
649 2557 727 2612 τοῦτο
743 2554 841 2632 ἀγίνετο
854 2553 899 2612 ἀτί
914 2553 957 2612 τὸν

177 2647 286 2726 χάρακα
300 2644 482 2724 τεταραγμένη
492 2666 521 2702 τε
535 2643 580 2702 καί
591 2644 718 2719 άκοσμος,
732 2643 777 2701 καὶ
788 2644 813 2700 οἱ
828 2642 959 2720 Ῥωμαῖοι

179 2736 267 2800 αὐτοῖς
285 2735 426 2799 κτείνοντες
437 2732 605 2807 ἠκολούθουν.
647 2729 773 2805 'locatae
793 2733 817 2790 θ’
829 2732 881 2813 ἀρα
893 2754 956 2811 προ-

181 2824 263 2898 θυμία
287 2822 360 2902 παρὰ
371 2822 419 2881 τὸν
439 2844 498 2880 τοτε
518 2824 608 2900 ἀγῶνα
629 2826 662 2900 τῇ
680 2820 823 2898 Ῥωμαίων
845 2829 957 2901 στρατιᾷ

178 2911 313 2983 ἀνέπεσεν,
328 2912 396 2970 ὥστε
410 2910 454 2969 καλ
464 2916 510 2969 τοὺ
520 2912 637 2989 χάρακος
648 2912 699 2968 τῶν
714 2910 847 2986 πολεμίων
862 2918 953 2988 πειρᾶ-

124 3032 153 3073 γη
178 3000 239 3058 σθαί
253 3024 323 3067 τινας
348 2999 491 3059 ἕπιὺαίνειν
510 3002 545 3063 ὡς
566 2997 593 3066 ii
617 2998 710 3076 έράθου
730 2997 954 3076 χειρωσομένους·

177 3078 214 3146 ὧν
226 3090 273 3147 οὑκ
290 3091 395 3169 ἀσραλῆ
410 3087 458 3156 τὴν
474 3085 621 3165 προθυμίαν
636 3086 690 3144 οὐδ’
704 3088 729 3142 ἰν
745 3088 783 3165 τῷ
793 3084 953 3166 συμρέροντι

176 3179 331 3256 γιγνομένην
356 3178 422 3253 δρῶν
449 3173 594 3243 θῦπατος,
620 3171 757 3247 σημαίνειν
781 3174 907 3241 κελεύσας
923 3174 953 3234 τό

176 3266 361 3339 ἀνακλητικὸν,
375 3263 536 3323 κατεόίὺααε
545 3260 604 3330 τοὺς
614 3261 694 3338 ὁμόσε
708 3268 858 3341 χωροῦντας
870 3264 952 3323 ‹isos-

175 3382 222 3425 τας
237 3358 289 3416 ἀπὸ
313 3360 365 3414 τῶν
386 3354 544 3434 ἐρυμάτων,
561 3349 664 3423 δείσας,
686 3350 724 3427 μὴ
749 3350 777 3421 ἐξ
796 3352 953 3433 ὑπερδεξίων

121 3457 148 3497 ³5
177 3448 335 3527 Ιθοιλλόμιενοι
350 3445 396 3504 οὑν
410 3443 521 3522 αἷτχόνη
534 3465 562 3500 τε
576 3441 622 3501 καί
637 3441 706 3519 μετὰ
722 3442 840 3520 μεγάλης
852 3445 954 3523 βλάόης

175 3540 376 3615 ἀναγκασθῶσιν
393 3536 549 3612 ὑποχωρεῖν,
562 3532 653 3592 ἔπειτα
668 3532 714 3592 καί
725 3532 776 3605 τὴν
788 3537 818 3594 ἐκ
828 3539 874 3604 τῆς
887 3560 952 3615 προ·

174 3627 251 3705 τέρας
270 3626 343 3697 νίκης
369 3622 488 3683 εὑκλειοιν
516 3621 676 3703 ἀρανίσωοι.
734 3625 804 3684 Τότε
827 3624 874 3700 μὲν
903 3617 948 3685 οὑν

173 3717 235 3787 ἤδη·
256 3716 301 3773 καί
318 3713 368 3793 γάρ
389 3704 421 3785 ἦν
446 3712 506 3789 περί
537 3712 609 3771 δόσιν
637 3711 732 3783 ἡλίου·
757 3710 895 3792 χαίροντές
921 3739 948 3775 τε

173 3805 218 3862 καὶ
232 3805 411 3871 παιανίζοντες
425 3805 449 3860 ol
466 3801 598 3877 Ῥωμαῖοι
616 3802 919 3879 κατεστρατοπέδευσαν,

118 3916 147 3955 ευ
218 3894 317 3953 LXVI.
341 3895 383 3951 Tse
409 3892 430 3948 δ’
453 3890 563 3967 ἐπιούσῃ
579 3888 655 3946 νυκτλ
697 3888 778 3968 ψόγος
801 3891 824 3947 τ’
843 3896 953 3963 ἠκούετο

172 3979 252 4044 πολὺς
266 3982 294 4036 ἐκ
315 3987 360 4038 τοῦ
382 3978 498 4057 χάρακος
522 3981 574 4035 τῶν
602 3973 733 4053 Ἑρνίκων
754 3973 800 4032 καὶ
822 3976 887 4053 βοη,
904 3984 949 4039 καί

170 4064 255 4124 πολλὰ
281 4070 399 4146 ίραίνετο
413 4067 478 4125 σέλα
503 4067 662 4143 λαμπάδων,
714 4068 881 4146 ’λπογνόντες
900 4071 951 4150 γάρ

170 4154 208 4210 ἔτι
224 4153 336 4218 ἀνθέξειν
348 4156 423 4236 ἑτέρα
435 4154 510 4234 μάχη
522 4157 677 4215 καταλιπεῖν
687 4156 732 4216 τόν
751 4156 859 4237 χάρακα
871 4158 951 4234 ἔγνω-

171 4263 220 4298 σαν
235 4240 451 4298 αὐτοκέλευστοι·
468 4244 513 4300 καὶ
531 4243 560 4301 τὸ
573 4249 686 4316 ποιῆσαν
714 4247 799 4304 αὐτῶν
817 4246 865 4317 τὴν
881 4248 950 4305 ἀτα-

115 4336 141 4374 ⁴⁶
172 4328 226 4394 ξίαν
241 4327 285 4385 καί
302 4328 365 4404 βολν
378 4333 453 4386 τοῦτο
466 4322 508 4401 ἦν.
565 4332 610 4399 Ὡς
625 4334 676 4412 γάρ
691 4333 796 4392 ἕκαστοι
818 4335 951 4413 δυνάμεως

170 4409 239 4495 Εἶχον
264 4417 308 4474 καί
328 4419 438 4497 τάχους,
466 4422 572 4503 έρευγον
597 4425 754 4492 ἐπιόοῶντές
776 4449 804 4484 τε
821 4429 950 4497 ἀλλήλους

168 4506 214 4563 eal
234 4506 424 4580 ἑπιὺοιὺμενοι,
443 4514 493 4567 τῶν
517 4514 542 4572 δὲ
564 4515 777 4593 ὑπολειπομένων
801 4516 842 4573 driu
867 4518 949 4593 τραύ-

169 4617 241 4671 ματα
260 4594 378 4664 drewes
394 4598 509 4674 οἰμωγάς
527 4605 569 4658 καὶ
583 4606 712 4669 λιτανείας
730 4607 756 4661 ἐν
778 4604 862 4663 οὐδενὶ
879 4604 950 4680 λόγῳ

168 4684 304 4760 τιθέμενοι.
346 4688 432 4744 Τοῦτο
447 4692 597 4766 ἀγνοοῦντες
617 4695 640 4750 ol
656 4693 802 4770 Ῥωμαῖοι,
814 4695 950 4767 πεπυσμέ-

113 4792 141 4829 bb
168 4798 207 4833 ttbt
223 4776 250 4834 δὲ
267 4777 339 4855 παρὰ
361 4779 412 4834 τῶν
430 4777 608 4855 αἶχμαλιὺτων
624 4784 764 4864 πρότερον,
786 4784 825 4841 ὅτι
841 4782 950 4858 δύναμις

163 4861 286 4939 Ἑρνίκων
305 4867 378 4945 ἑτέρα
396 4864 488 4940 μέλλοι
515 4866 608 4942 βοηθὸς
631 4870 701 4939 ἥξειν
717 4879 769 4938 τοῖς
797 4871 948 4950 σρετέροις,

167 4951 212 5007 καί
225 4956 272 5022 τὴν
289 4959 352 5032 βοήν
368 4979 397 5015 τε
413 4954 457 5014 καί
475 4951 594 5030 sepelis
612 4958 656 5016 lat
681 4964 713 5038 τῇ
741 4958 844 5017 ἐκείνων
864 4957 947 5034 ἀφίξει

167 5041 297 5112 γεγονέναι
313 5044 473 5120 νομίζοντες,
489 5040 524 5100 τοί
546 5060 575 5093 τε
601 5043 669 5101 όπλα
693 5047 821 5105 ἀνέλαόον
843 5047 888 5104 καὶ
903 5045 947 5104 τόν

164 5126 270 5206 χάρακα
287 5137 578 5212 περιστερανώσαντῑς,
595 5131 632 5199 μή
649 5156 686 5199 τις
704 5136 792 5216 ἔροδος
803 5136 889 5201 αὐτοῖς
900 5134 945 5213 γέ-

704 299 872 361 DlONYSll
893 299 1272 363 tttttcttttttsssttsts

1016 450 1130 500 nantibus
1153 452 1267 516 prmlinm
1287 455 1356 503 atrox
1381 452 1576 517 redintcmlum
1598 458 1648 505 est.
1695 456 1767 507 liam
1782 458 1808 506 et

1015 543 1125 607 ipsorum
1144 544 1308 595 ttemicorum
1322 544 1438 597 cobortes
1456 546 1621 613 explebantur
1642 548 1805 609 recentibus,

1015 648 1080 699 quos
1097 636 1174 687 duces
1186 636 1212 687 iu
1222 636 1377 690 defessorum
1393 638 1476 690 locum
1484 638 1673 693 mbmluebanl
1709 643 1805 701 Quum

1015 730 1099 776 autern
1118 727 1168 776 ἱιιιιι
1184 727 1354 790 vespertinum
1370 727 1546 794 crepusculum
1567 729 1680 792 tmtaret,
1707 732 1804 783 consul

1016 819 1161 869 cohortatus
1172 819 1284 884 equites,
1308 824 1338 871 ut
1346 834 1414 873 nnnc
1425 821 1527 887 quidem
1545 822 1594 874 viti
1605 822 1685 877 iortes
1694 829 1800 885 esseut,

1016 912 1067 975 ipse
1080 924 1138 960 cum
1151 911 1263 975 equiturn
1271 912 1325 975 ala,
1335 914 1504 980 cuiprsserat,
1516 915 1542 966 in
1554 916 1675 969 dextrum
1685 919 1800 971 bostium

1016 1016 1094 1053 cornu
1104 1004 1223 1067 impeturn
1240 1004 1306 1055 iecit.
1324 1006 1362 1057 illi
1373 1020 1447 1070 sero,
1459 1023 1537 1074 quom
1555 1011 1742 1077 aliquantulum
1754 1028 1797 1067 so·

1016 1108 1073 1145 rum
1104 1093 1226 1159 impetum
1250 1097 1441 1165 sustinuissent,
1472 1100 1637 1167 inclinarunt,
1660 1110 1740 1171 atque
1764 1108 1796 1159 lbi

1016 1204 1103 1257 mgna
1122 1190 1205 1241 cades
1224 1190 1291 1243 tacta
1304 1196 1351 1245 est.
1385 1196 1473 1262 ltaque
1490 1197 1609 1251 dextrum
1630 1203 1796 1255 tleruicomm

1016 1297 1093 1335 cornu
1105 1283 1154 1333 iam
1163 1281 1305 1346 laborabat,
1319 1288 1345 1335 et
1355 1286 1411 1337 loco
1422 1288 1527 1341 cedebat
1539 1291 1601 1361 :sed
1612 1293 1706 1346 Ιιειιιιιι
1715 1296 1795 1347 atlbuc

1016 1374 1162 1435 resistebat,
1178 1374 1328 1426 etdextrum
1347 1380 1514 1433 Romanorum
1527 1386 1666 1449 premebat,
1689 1390 1792 1439 vem.

1017 1476 1100 1521 tamen
1111 1470 1160 1523 boc
1174 1487 1273 1539 quoquc
1284 1490 1333 1527 non
1351 1475 1430 1527 multo
1444 1479 1502 1541 post
1513 1476 1598 1527 cessit.
1631 1481 1696 1531 Nam
1717 1484 1793 1546 Aqui·

1015 1564 1064 1616 lins
1074 1579 1132 1616 curn
1144 1564 1336 1619 fortissimorum
1356 1568 1473 1621 iuvenum
1490 1582 1566 1622 mauu
1579 1586 1611 1623 eo
1621 1586 1720 1638 quoque
1729 1574 1791 1626 sub-

1015 1657 1079 1708 sidio
1100 1657 1183 1720 renit,
1200 1661 1227 1709 et
1240 1660 1336 1711 animos
1355 1675 1441 1713 eornm
1457 1662 1635 1727 continuabat,
1650 1667 1789 1718 nominatim

1015 1752 1141 1816 appellans
1160 1766 1217 1812 cos,
1232 1768 1342 1819 quornm
1360 1756 1440 1807 rirtus
1465 1756 1492 1807 in
1514 1760 1683 1823 superioribus
1695 1762 1789 1827 pretiis

1016 1852 1127 1909 spectata
1144 1853 1212 1911 erat;
1231 1851 1257 1901 et
1279 1848 1347 1911 ema
1361 1849 1515 1912 oolrortinm,
1535 1866 1594 1917 qum
1613 1854 1714 1921 sequius
1727 1870 1791 1921 paq·

1016 1950 1073 1989 nare
1095 1939 1255 2003 uniebantur,
1283 1943 1344 2006 ipsis
1367 1943 1488 2006 signiferis
1511 1944 1615 2011 abrepta
1637 1946 1664 1998 in
1687 1950 1793 2001 mediam

1016 2032 1123 2083 ltostium
1144 2035 1223 2085 aciem
1244 2037 1408 2101 conjiciebat,
1438 2044 1467 2090 ul
1488 2043 1569 2093 melus
1591 2056 1671 2107 ριειιιο
1696 2046 1795 2111 legibus

1015 2127 1128 2187 statutae,
1144 2128 1191 2177 nisi
1209 2128 1277 2193 signa
1292 2131 1458 2195 recepissent,
1472 2146 1574 2185 eosrem
1588 2134 1689 2187 fortiter
1700 2154 1792 2201 gerere

1014 2221 1129 2284 cogeret:
1140 2221 1227 2285 etipse
1250 2236 1355 2287 semper,
1372 2224 1394 2274 si
1412 2238 1464 2288 qua
1477 2238 1533 2291 pars
1544 2226 1577 2275 ab
1596 2226 1671 2277 boste
1687 2243 1790 2293 preme·

1014 2316 1092 2373 retur,
1106 2326 1178 2377 opem
1189 2314 1212 2365 ei
1225 2314 1337 2377 terebat,
1352 2315 1432 2367 donec
1445 2316 1582 2369 stulterum
1590 2331 1667 2370 cornu
1679 2322 1786 2386 pepulit.

1014 2404 1151 2456 Denuddls
1168 2410 1250 2457 sotem
1262 2408 1398 2471 lateribus,
1409 2423 1440 2461 ue
1452 2408 1611 2475 ipsaquidcm
1624 2412 1707 2464 media
1720 2416 1791 2467 acies

1014 2500 1096 2551 locum
1111 2500 1208 2552 tenuit:
1223 2501 1268 2552 sed
1282 2502 1394 2563 llemici‚
1414 2502 1473 2553 binc
1486 2504 1634 2570 perturbatis
1648 2506 1789 2569 ordinibus,

1014 2591 1093 2642 cliuus
1115 2590 1173 2657 iuga
1195 2592 1290 2643 sallum
1308 2594 1393 2657 petere
1407 2596 1551 2659 ooepsruttt,
1564 2598 1592 2647 ct
1610 2598 1715 2649 nonant
1737 2599 1792 2652 illos

1013 2686 1136 2738 cedentes
1166 2686 1364 2751 insequebantur.
1420 2689 1549 2753 Tantaque
1572 2690 1648 2742 animi
1678 2692 1792 2745 elamitas

1013 2782 1151 2832 exercitum
1165 2784 1303 2832 itomanam
1316 2781 1342 2833 in
1352 2795 1382 2832 eo
1394 2781 1479 2846 praelio
1495 2784 1557 2834 tune
1569 2783 1675 2846 invasit,
1686 2790 1714 2835 nt
1729 2801 1791 2837 uon·

1012 2875 1073 2926 nulli
1093 2876 1221 2941 relipsum
1243 2876 1335 2927 uallum
1349 2876 1460 2927 bostium
1472 2875 1624 2929 adscendere
1632 2883 1787 2937 conarentur,

1013 2971 1074 3024 ida
1101 2986 1128 3023 se
1141 2975 1221 3038 primo
1236 2973 1330 3037 impetu
1343 2975 1444 3036 captum
1462 2970 1494 3023 iri
1508 2976 1644 3037 sperantes.
1674 2974 1786 3033 Quorum

1012 3062 1164 3112 alacritatem
1184 3076 1229 3112 nee
1251 3065 1331 3112 tutam
1346 3074 1392 3111 nec
1407 3061 1492 3112 utilem
1508 3076 1614 3115 cernam
1632 3064 1731 3125 οοιιιιιῐ,
1745 3079 1789 3115 ιε-

1012 3155 1093 3219 ceptui
1114 3169 1203 3205 cancre
1215 3155 1302 3215 iussit,
1317 3158 1342 3206 et
1354 3169 1397 3205 eos
1410 3154 1502 3205 insitos
1518 3158 1708 3209 emunitionem
1717 3174 1792 3224 oppu-

1011 3246 1124 3308 gnatione
1146 3246 1271 3296 revocarit
1294 3246 1389 3297 ueritus
1408 3259 1454 3304 ne,
1469 3246 1501 3296 de
1520 3247 1648 3311 superiore
1667 3250 1720 3297 loco
1735 3249 1792 3299 telis

1013 3339 1090 3403 petiti,
1103 3352 1159 3389 cum
1170 3337 1301 3402 ignominia
1313 3342 1338 3388 et
1348 3352 1435 3401 magara
1443 3337 1512 3388 clade
1522 3338 1610 3402 pedem
1619 3341 1712 3390 reterre
1723 3354 1792 3405 coge·

1012 3438 1106 3493 rentur,
1119 3437 1143 3485 et
1151 3433 1253 3498 pieriam
1267 3446 1295 3482 er
1312 3432 1437 3497 superiore
1449 3431 1553 3483 victoria
1565 3434 1789 3498 partamdelerent.

1012 3530 1082 3577 Tunc
1101 3527 1174 3593 igitur
1195 3528 1258 3591 (iam
1275 3525 1341 3575 enim
1362 3525 1399 3575 sol
1412 3523 1444 3574 ad
1457 3537 1573 3574 occasum
1591 3525 1728 3590 vergebat)
1741 3529 1792 3578 llo·

1010 3621 1077 3671 mani
1090 3620 1141 3670 teeti
1156 3622 1181 3669 et
1191 3622 1306 3668 canentes
1315 3630 1400 3681 qumana
1413 3616 1439 3667 in
1452 3620 1535 3668 castra
1551 3619 1646 3669 reversi
1662 3623 1732 3672 sunt.

1040 3897 1124 3943 txt't.
1143 3894 1260 3956 Sequenti
1274 3906 1333 3942 roro
1344 3895 1415 3942 noete
1431 3891 1516 3953 ingens
1530 3890 1649 3956 strepitus
1658 3896 1684 3944 et
1693 3892 1789 3943 clamor

1008 4005 1039 4041 eu
1060 3990 1147 4040 castris
1176 3990 1338 4039 lleruieorum
1354 3986 1548 4049 exaudiebatur,
1571 3986 1687 4055 facesque
1701 3990 1788 4040 multae

1008 4088 1156 4139 collucentes
1167 4087 1338 4138 comebantur.
1387 4087 1551 4150 Desperantes
1567 4086 1633 4137 enim
1651 4100 1680 4137 se
1699 4087 1733 4137 ad
1744 4102 1787 4137 uo·

1008 4203 1067 4238 ιιιιιι
1078 4188 1192 4251 praetium
1209 4202 1281 4251 posse
1305 4185 1431 4245 sufficere,
1449 4188 1531 4235 castra
1549 4183 1663 4235 deserere
1685 4184 1781 4234 iniussu

1007 4280 1099 4330 iliacum
1116 4282 1297 4332 decreverant:
1320 4283 1394 4342 atque
1413 4279 1467 4328 hnc
1488 4278 1568 4327 iuerat
1590 4275 1736 4326 contusionis
1755 4280 1782 4326 et

1009 4380 1123 4430 clamoris
1142 4394 1238 4429 caussa.
1272 4381 1334 4428 liam
1349 4390 1435 4426 omncs
1452 4391 1497 4440 pro
1517 4373 1611 4426 uiribus
1628 4378 1652 4423 et
1669 4372 1785 4425 celeriter

1007 4478 1145 4539 tremebant,
1170 4481 1195 4527 ct
1217 4478 1287 4527 alleri
1307 4476 1397 4524 alteros
1426 4474 1604 4538 increpabant,
1625 4472 1732 4534 gemitus
1753 4488 1786 4527 ae

1005 4584 1090 4636 preees
1115 4584 1214 4630 eorum,
1245 4570 1287 4632 qui
1309 4569 1348 4618 rel
1374 4567 1407 4617 ob
1433 4568 1536 4617 vulnera
1563 4565 1601 4615 rel
1620 4564 1652 4614 ob
1678 4564 1787 4615 morbos

1005 4669 1214 4732 relinquebantur,
1244 4667 1401 4733 negligentes.
1436 4670 1521 4725 Quum
1545 4663 1646 4715 ltontnui
1664 4662 1689 4712 id
1713 4664 1783 4725 iguo-

1004 4764 1100 4823 rarent,
1123 4766 1148 4813 et
1170 4776 1200 4812 cr
1219 4761 1324 4826 captivis
1350 4762 1406 4811 aule
1426 4761 1571 4819 audissent,
1600 4773 1677 4809 noras
1698 4758 1787 4808 lierni·

1003 4868 1090 4905 corum
1103 4855 1185 4919 copias
1205 4856 1257 4905 suis
1277 4855 1386 4904 subsidio
1405 4859 1537 4911 uenturas,
1554 4854 1688 4904 clamorem
1703 4855 1728 4902 et
1739 4854 1784 4901 tu·

1004 4953 1108 5001 multum
1126 4950 1158 5001 ob
1178 4951 1275 5001 illorum
1295 4950 1430 5000 adrentum
1456 4949 1593 4999 cxcitatum
1609 4948 1781 4999 existimantes

1002 5060 1070 5097 aranu
1085 5048 1271 5111 corripuerunt,
1287 5045 1400 5110 valloque
1415 5059 1504 5096 corona
1516 5045 1624 5096 militum
1637 5045 1733 5103 cincto,
1749 5058 1780 5094 ne

1002 5162 1050 5211 qua
1070 5147 1108 5198 ris
1127 5147 1252 5211 repentina
1274 5149 1349 5197 noctu
1369 5145 1415 5196 sibi
1438 5145 1577 5202 alternetur,
1601 5144 1677 5195 modo
1690 5142 1783 5195 collisis
