3772 5828
151 323 217 381 1ῖά

159 475 172 501 ιι
186 447 274 531 ψυχήν
289 472 318 508 τι
332 447 378 510 καλ
392 451 472 527 σῶμα
486 448 672 527 αἰκιζομένας,
689 448 752 508 όταν
766 447 938 527 ἐγκαταλίπω

158 564 172 591 ιι
186 538 233 596 καὶ
249 540 339 618 προδῶ
354 537 414 605 τοὺς
429 537 565 604 σώσαντάς
580 559 613 614 με
635 537 793 598 ἀπολωλότα
806 536 849 618 ὑφ’
865 541 938 615 ὑμῶν

159 628 232 687 ικαὶ
248 625 316 703 μιτά
338 630 385 686 τοῦ
403 629 489 686 σώσαι
503 625 603 694 πολλδις
621 627 666 686 καί
682 625 766 695 καλάς
779 628 939 707 προσθέντας

160 740 173 767 ιι
187 714 356 795 είιεργισίας,
370 704 408 780 οἷς
419 715 548 792 ίγγυητάς
558 713 644 772 ίδωκα
654 714 740 787 θεοὺς,
751 717 787 781 d<
802 717 844 774 ἀπ’
854 711 938 773 οὐδενὶ

118 831 133 871 ς
161 829 173 857 ιι
187 806 263 884 κακῷ
274 801 321 875 τὴν
336 803 424 884 ἀφιξιν
438 804 618 879 ποιησόμενος
638 802 684 861 καί
706 801 826 879 φυλάξων
840 802 888 874 τὴν
904 804 940 871 εἷς

161 891 247 952 «udde
271 892 367 970 χρόνου
392 890 510 972 καθαρὰν
529 891 575 951 καὶ
592 890 719 968 ἀμίαντον
743 892 872 953 συνοῦσάν
896 915 940 969 μοι

161 1005 174 1032 ιι
188 979 287 1040 πίστιν.

201 1069 331 1130 xxxiv.
360 1065 479 1129 α”Οταν
497 1067 524 1126 δὲ
541 1068 630 1147 φίλους
653 1068 692 1128 ἔτι
708 1070 811 1148 καλῇς,
831 1057 854 1128 ώ
876 1071 939 1140 Μη-

162 1182 175 1208 ιι
191 1156 262 1216 νύκιτ
274 1203 283 1230 ,
295 1156 353 1225 τοὺς
368 1155 538 1226 ίξελόααντός
549 1179 594 1234 με,
610 1158 655 1215 καὶ
665 1156 780 1235 πατρίδα
794 1155 842 1227 τὴν
857 1157 942 1236 ἀπαρ·

109 1256 135 1296 ιο
163 1271 175 1297 ιι
190 1245 360 1321 νησαμίνην,
383 1244 483 1326 φύσεώς
504 1267 532 1304 τε
553 1244 646 1320 νόμους
670 1246 791 1323 ἀνακαλῇ
811 1242 857 1302 καί
879 1242 941 1322 περὶ

163 1359 176 1385 ιι
191 1336 242 1391 τῶν
261 1333 339 1391 δαίων
364 1333 489 1409 διαλίγτρ,
512 1330 591 1410 φαίνῃ
615 1355 661 1410 μοι
685 1330 720 1391 τθ
738 1329 878 1391 κοινότατα
894 1329 940 1390 καί

163 1448 176 1472 ιι
190 1420 239 1478 ὑπὸ
255 1420 365 1495 μηδενὸς
380 1418 543 1498 ἀγνοούμενα
562 1420 640 1495 μόνος
662 1421 779 1497 ἀγνοιῖν·
793 1417 834 1477 δτι
845 1419 877 1478 τδ
896 1419 942 1501 φί-

163 1535 176 1561 ιι
191 1511 245 1567 λιον
263 1508 281 1581 ἀ,
302 1508 425 1585 πολίμιον
452 1507 506 1566 οὔτ’
520 1506 603 1589 ύμιως
624 1507 705 1587 ὁρίζω
719 1505 859 1588 χαρακτὴρ
881 1506 941 1566 οότι

164 1597 316 1672 «ὀνόματος
336 1597 418 1668 θέσις,
437 1597 505 1654 ἀλλὰ
528 1603 585 1661 ταῖς
607 1597 708 1676 χρείαις
722 1596 768 1655 καὶ
786 1603 839 1663 τοῖς
859 1595 943 1678 ίργοις

164 1710 177 1736 ιι
192 1685 316 1756 δηλοῦται
330 1684 427 1743 τούτων
446 1684 577 1763 ῖκάτιρον,
591 1681 720 1765 φιλοῦμίν
737 1707 766 1743 τε
781 1684 896 1751 ἅπαντας
908 1684 941 1743 τά

164 1772 341 1852 «ὠφελοῦντα
359 1775 405 1831 καὶ
430 1779 559 1849 μισοῦμεν
574 1772 608 1831 τθ
630 1775 800 1852 βλάπτοντα,
822 1775 870 1833 οὗκ
893 1775 943 1831 ἀν-

164 1888 177 1915 ιι
191 1861 302 1941 θρώπων
325 1867 402 1921 τινῶν
421 1866 485 1938 ἡμῖν
501 1862 575 1922 τόνδε
594 1861 711 1938 θεμίνων
725 1863 769 1921 τόν
789 1862 868 1934 νόμον
883 1860 942 1921 οὐδὲ

164 1978 177 2005 ιι
193 1952 352 2010 ἀνελούντων
372 1948 439 2008 ποτὲ
452 1950 544 2025 αιίτδν,
562 1950 608 2010 ἀάν
627 1950 754 2009 τάναντία
766 1951 853 2017 αὐτοῖς
869 1952 941 2030 δοκῇ·

165 2067 177 2093 ιι
195 2040 253 2098 ἀλλ’
268 2039 320 2100 ted
333 2045 380 2112 τῆς
394 2044 481 2111 κοινῆς
496 2039 597 2120 φύσεως
615 2039 641 2108 ἀί
661 2039 775 2103 ἅπαντος
789 2043 835 2097 τοῦ
848 2038 943 2119 χρόνου

110 2139 137 2180 ²⁰
165 2157 178 2182 ιι
193 2138 259 2186 πᾶσι
279 2137 333 2195 τοῖς
353 2128 498 2198 αἰσθήσεως
519 2129 688 2204 μετειληφόσι
709 2128 830 2204 κείμενον
844 2128 890 2186 καὶ
908 2131 944 2195 εἰς

165 2244 178 2268 ιι
194 2217 235 2274 ἀεὶ
259 2218 433 2284 διαμενοῦντα
457 2215 672 2297 παραλαόόντες·
687 2217 733 2275 καί
750 2215 793 2275 td
808 2222 886 2276 τοῦτο
898 2215 944 2300 φί·

166 2330 178 2354 ιι
193 2304 253 2369 λους
265 2325 293 2360 τε
306 2302 509 2380 ἀπαρνούμεθα,
523 2304 585 2362 όταν
599 2304 764 2382 ἀδικήσωσι,
776 2304 823 2362 καὶ
838 2303 944 2383 ίχθροδς

166 2418 178 2440 ιι
194 2390 283 2468 φίλους
297 2391 451 2466 ποιούμεθα,
462 2390 525 2449 όταν
540 2416 577 2458 τις
587 2397 652 2469 ἡμῖν
663 2391 727 2471 παρ’
740 2397 824 2452 αὐτῶν
840 2392 943 2473 ύπάρξῃ

167 2506 179 2530 ιι
194 2478 283 2558 χάρις,
306 2479 382 2536 πόλιν
404 2501 433 2536 τε
456 2478 505 2550 τὴν
525 2480 682 2558 γειναμένην
703 2485 793 2558 ἡμᾶς,
809 2482 871 2541 ὅταν
896 2480 943 2559 μὲν

111 2593 139 2633 25
167 2594 180 2618 ιι
195 2568 300 2647 ὠφελῇ,
322 2566 481 2647 στέργομεν,
497 2566 559 2626 όταν
584 2568 612 2628 δθ
634 2569 758 2650 βλάπτῃ,
780 2570 944 2632 καταλείπο-

168 2684 179 2708 ιι
196 2679 260 2732 μεν,
277 2657 306 2713 οὐ
320 2655 364 2715 tet
383 2658 427 2716 τὸν
440 2658 519 2716 τόπον
535 2659 689 2738 ἀγαπῶντες
702 2652 800 2730 αύτῆν,
816 2659 886 2719 ἀλλά
900 2659 943 2718 διδι

168 2772 179 2796 ιι
194 2746 225 2802 τό
240 2745 381 2823 συμφέρον.
438 2746 490 2804 Καὶ
511 2746 569 2826 οάχὶ
588 2747 641 2812 τοῖς
660 2745 708 2824 μὲν
728 2745 844 2812 ἰδιώταις
864 2742 945 2810 οὕτως

169 2861 181 2885 ιι
196 2831 335 2911 ἐπέρχεται
355 2833 413 2892 καθ’
427 2834 472 2891 ίνα
486 2842 553 2892 πᾶσι
574 2842 689 2915 φρονεῖν,
706 2834 765 2913 οὐχί
787 2833 815 2894 δὲ
830 2833 876 2891 καὶ
890 2832 945 2892 πό-

168 2952 181 2976 ιι
196 2924 267 2982 λεσιν
279 2922 349 2990 dtur<
364 2925 408 2982 καὶ
423 2924 530 2983 ἔθνεσιν.
570 2923 659 2983 Ὥστε
673 2927 688 2981 ό
706 2927 788 2998 ταύτῃ
803 2927 836 3001 τῇ
851 2923 944 3001 γνώμγΙ

114 3042 141 3081 ³0
168 3040 181 3063 ιι
196 3010 331 3091 χριόμενος
346 3013 419 3071 οὐδὲν
433 3012 484 3077 ἔξω
497 3015 549 3069 τῶν
563 3013 640 3070 θείων
655 3012 721 3079 ἀξιοῖ
732 3010 870 3087 νομίμων,
886 3012 943 3072 οὐδὲ

168 3129 181 3153 ιι
196 3100 269 3180 παρὰ
280 3101 328 3172 τὴν
350 3098 439 3170 κοινὴν
454 3100 576 3157 ἁπάντων
592 3100 736 3177 ἀνθρώπων
750 3106 819 3156 ποιεῖ
835 3099 945 3157 δικαίαν·

168 3220 181 3243 ιι
197 3214 248 3251 σιν.
293 3190 364 3264 Ἐγὼ
377 3188 425 3264 μὲν
440 3188 472 3259 δὴ
487 3195 570 3248 ταῦτα
586 3190 735 3269 πράττοντα
748 3189 861 3264 ἐμαυτὸν
873 3190 946 3248 τότε

168 3308 181 3333 ιι
197 3281 256 3339 δίκα
262 3304 287 3338 ια
302 3284 418 3355 ἡγοῦμαι
433 3277 614 3352 πράττεινκαὶ
626 3278 659 3337 τὰ
671 3279 837 3357 συμφέροντα
851 3277 897 3335 καὶ
912 3277 944 3336 τά

168 3397 180 3419 ιι
195 3369 265 3428 καλὰ
289 3369 333 3427 καὶ
354 3366 411 3442 ἅμα
436 3372 520 3425 ταῦτα
546 3368 592 3426 καί
618 3367 689 3446 [τά]
710 3368 774 3444 πρὸς
795 3366 855 3433 τοὺς
874 3366 946 3433 θεοὺς

114 3481 140 3520 ts
169 3486 181 3509 ιι
196 3458 342 3516 ὁσιώτατα·
357 3456 402 3514 καὶ
416 3458 444 3515 οὐ
460 3455 552 3531 δέομαι
567 3456 693 3523 δικαατάς
716 3455 782 3533 ὑπὲρ
796 3457 881 3513 αὐτῶν
898 3459 945 3513 λα-

169 3573 181 3598 ιι
196 3545 251 3603 δεῖν
273 3545 331 3612 τοὺς
360 3547 480 3624 εἰκασμῷ
498 3545 543 3604 καὶ
566 3546 628 3624 δόξῃ
651 3544 873 3623 τεκμαιρομένους
897 3544 945 3615 τὴν

169 3664 181 3687 ιι
197 3635 322 3705 ἀλήθειαν
334 3633 499 3712 ἀνθρώπους,
518 3633 607 3705 ἐπειδὴ
621 3642 687 3702 θεοῖς
699 3636 844 3713 ἀρέσκοντα
858 3634 945 3712 πράτ·

169 3750 181 3773 ιι
197 3744 245 3779 τω.
290 3721 359 3780 Οὐδὲ
379 3721 430 3798 γὰρ
451 3720 587 3787 ἀδυνάτοις
607 3724 749 3800 ἐπιχειρεῖν
764 3721 948 3797 ὑπολαμόαίνω

169 3837 181 3858 ιι
199 3810 353 3887 πράγμασι,
382 3808 454 3875 θεοὺς
476 3808 544 3888 ἔχων
562 3811 648 3867 αὐτῶν
659 3809 809 3887 ἡγεμόνας,
836 3812 888 3888 είγε
909 3812 948 3869 δεῖ

114 3921 141 3958 ιο
170 3926 182 3950 ιι
197 3899 383 3976 τεκμαίρεσθαι
400 3902 452 3963 τοῖς
466 3900 598 3976 γεγονόσιν
613 3898 664 3971 ἤδη
679 3899 712 3959 τά
728 3897 868 3974 μέλλοντα.

210 3989 326 4047 xxxi.
353 4012 366 4043 ε
385 3987 452 4066 Περὶ
465 3987 492 4045 δὲ
505 3992 552 4058 τῆς
565 3990 750 4066 μετριότητος,
761 3990 800 4068 ἀφ’
812 3988 845 4059 ἢν
860 4012 948 4068 παρα·

171 4104 183 4126 ιι
202 4076 308 4131 καλεῖτέ
332 4100 384 4148 με,
408 4077 453 4134 καὶ
479 4082 524 4135 τοῦ
554 4074 591 4152 μὴ
614 4077 753 4154 πρόρριζον
780 4077 881 4134 ἀνελεῖν
919 4081 948 4136 τό

171 4192 183 4213 ιι
202 4160 345 4236 Ῥωμαίων
368 4166 440 4239 γένος
462 4164 524 4240 μηδ’
539 4167 569 4224 ἐκ
595 4167 698 4243 βάθρων
719 4165 783 4237 ὃλην
798 4167 948 4238 ἀναστῆσαι

172 4280 184 4303 ιι
207 4250 252 4321 τὴν
280 4251 353 4307 πόλιν
377 4242 445 4329 εἶχον
473 4251 538 4328 μὲν,
569 4244 592 4312 ὦ
617 4254 753 4325 Μηνύκιε,
787 4254 887 4333 λέγειν,
908 4255 948 4314 ὅτι

114 4362 140 4399 ιο
173 4370 184 4391 ιι
204 4344 249 4399 οὐκ
258 4338 309 4414 ἐγὼ
318 4337 408 4396 τούτου
423 4340 525 4417 κύριος,
540 4342 597 4400 οὐδὲ
610 4342 673 4418 πρὸς
687 4341 734 4417 ἐμὲ
750 4344 834 4423 δτερὶ
848 4345 947 4403 τούτων

173 4456 184 4480 ιι
205 4430 258 4486 εστὶ
285 4428 372 4500 λόγος,
400 4429 456 4485 ἀλλ’
488 4431 540 4508 ἐγὼ
560 4432 705 4507 στρατηγός
731 4433 785 4507 εἰμι
808 4436 946 4504 τῆςόυνοί-

173 4542 185 4568 ι.
206 4541 290 4592 μεως,
315 4518 430 4591 πολέμου
447 4518 473 4574 δὲ
490 4520 533 4575 καὶ
553 4520 657 4597 εἰρήνης
675 4511 745 4577 οὗτοι
762 4522 864 4600 κύριοι,
879 4523 948 4582 ὥστε

681 316 851 379 ὓῐΟΝΥ811
872 317 1248 381 flnmduudnsseusts

995 477 1008 502 ιι
1024 459 1232 517 cohonestarunt,
1254 458 1398 525 quibusque
1415 458 1475 510 deos
1493 473 1628 525 sponsores
1646 460 1727 524 dodi,
1740 474 1784 513 me

996 591 1007 621 ι
1021 587 1070 624 non
1083 574 1194 629 venisse,
1208 578 1237 624 ut
1254 574 1306 623 utto
1319 573 1386 624 melo
1398 574 1466 638 ipsos
1485 571 1626 633 effluerem,
1639 589 1783 642 meumque

996 709 1008 733 ι
1024 689 1107 751 tidem,
1122 691 1243 742 hacteuus
1256 704 1345 754 purum
1356 692 1383 741 et
1396 689 1570 754 impollutum,
1581 694 1756 744 servaturum.

1027 1068 1138 1117 xxxiv.
1155 1086 1168 1111 ι
1187 1069 1254 1118 Dum
1269 1070 1369 1127 eutem,
1388 1067 1498 1127 Minuci,
1516 1081 1560 1119 eos
1578 1068 1664 1119 udbuo
1684 1069 1783 1122 arniuos

998 1179 1011 1204 ιι
1025 1160 1150 1225 eppeitus,
1164 1161 1209 1226 qui
1231 1176 1272 1212 me
1285 1161 1453 1226 expulerunt,
1472 1165 1498 1212 et
1520 1162 1646 1227 petrium,
1664 1177 1723 1228 qum
1737 1177 1779 1214 me

998 1272 1011 1297 ι
1025 1253 1172 1317 abnegavit,
1192 1257 1218 1304 et
1234 1254 1299 1319 teges
1317 1259 1415 1305 neturus
1436 1253 1569 1318 implores,
1586 1259 1612 1307 et
1631 1255 1665 1306 de
1685 1257 1779 1321 pietate

998 1365 1011 1389 ιι
1023 1345 1145 1396 disseris:
1165 1345 1208 1405 id,
1227 1346 1295 1411 quod
1313 1346 1474 1397 tritissimum
1491 1351 1545 1406 est,
1556 1351 1583 1399 et
1592 1348 1690 1414 quode
1709 1350 1778 1400 nulio

998 1457 1011 1482 ιι
1027 1438 1077 1489 etio
1092 1438 1229 1502 ignoretur,
1251 1439 1321 1490 solue
1335 1439 1448 1503 ignorare
1467 1440 1530 1491 mibi
1544 1440 1657 1492 videris:
1668 1443 1777 1493 emitum

998 1551 1011 1577 ιι
1030 1531 1062 1582 ub
1077 1531 1150 1583 hoete
1185 1545 1266 1597 noque
1288 1532 1349 1597 ipsis
1365 1531 1438 1584 inciei
1462 1534 1543 1594 uotis,
1569 1547 1652 1600 neque
1671 1537 1778 1587 nominis

998 1624 1182 1690 «impositione
1205 1624 1328 1685 discerni,
1351 1624 1396 1676 sed
1417 1639 1466 1675 usu
1486 1629 1512 1677 et
1543 1625 1619 1678 tretis
1641 1631 1776 1694 utrumque

999 1740 1011 1763 ι
1026 1720 1146 1784 cognosci.
1179 1721 1272 1771 Omnes
1283 1719 1349 1769 euim
1366 1733 1481 1771 ememus
1498 1734 1558 1779 eos,
1577 1721 1623 1787 qui
1635 1721 1704 1773 uobis
1714 1737 1774 1788 pro·

999 1831 1011 1855 «
1026 1816 1100 1872 sunt,
1124 1822 1217 1877 eosque
1240 1812 1298 1863 odio
1320 1813 1504 1877 prosequimur,
1530 1814 1575 1878 qui
1600 1830 1647 1866 nos
1666 1817 1772 1878 tedunt3

999 1927 1012 1951 ιι
1025 1920 1101 1972 quum
1117 1904 1195 1969 legem
1213 1919 1262 1955 nou
1281 1905 1314 1956 ub
1333 1905 1477 1956 bominibus
1497 1906 1600 1968 duum,
1620 1924 1666 1961 nee
1682 1911 1779 1962 abillis

1001 2019 1012 2040 ι
1028 2012 1138 2063 unqunm
1149 1998 1325 2062 abrogandum,
1339 1997 1361 2048 si
1371 1998 1523 2049 eontrarium
1537 2000 1587 2050 iltis
1598 2001 1681 2052 visum
1691 2002 1779 2064 tuerit,

1000 2111 1012 2133 ι
1027 2089 1071 2141 sed
1085 2105 1100 2140 a
1118 2091 1243 2149 communi
1258 2090 1317 2141 iude
1330 2090 1363 2141 ub
1375 2094 1467 2142 nutura
1480 2091 1593 2142 omuibus
1604 2106 1706 2143 sensum
1729 2095 1778 2144 be·

1000 2205 1013 2229 ιι
1030 2184 1146 2235 bentibus
1165 2183 1259 2248 origiue
1277 2183 1362 2234 dotem
1378 2185 1405 2234 et
1422 2184 1605 2249 inperpetuum
1622 2182 1778 2236 duraturam

1000 2294 1013 2319 ιι
1026 2278 1167 2343 oeoepimus
1184 2299 1190 2326 :
1207 2277 1313 2342 ideoque
1339 2277 1427 2328 amieis
1446 2276 1478 2328 ob
1502 2279 1627 2341 uooeptum
1652 2277 1776 2343 injuriam

1001 2387 1013 2411 ι·
1027 2374 1213 2432 renuntiemus,
1225 2377 1252 2423 et
1262 2371 1376 2422 iuimicus
1386 2370 1500 2431 tacimus,
1512 2368 1614 2436 siquod
1624 2370 1779 2424 beneficium

1000 2487 1013 2511 ι
1028 2467 1060 2517 eb
1070 2467 1120 2517 iilis
1140 2467 1165 2516 iu
1180 2479 1225 2515 uos
1239 2465 1359 2515 retiatum
1379 2463 1474 2527 tuerit;
1491 2460 1637 2528 otpertum
1649 2468 1783 2525 nostram,

1001 2578 1013 2601 ιι
1027 2559 1148 2625 quamdiu
1167 2558 1239 2609 nobis
1252 2557 1354 2623 prodest
1365 2595 1372 2617 ‚
1385 2557 1506 2619 uotiuum
1519 2556 1563 2608 ubi
1577 2555 1664 2615 obest,
1683 2556 1782 2609 deseri-

1001 2675 1013 2703 ιι
1027 2669 1100 2715 mus,
1111 2655 1171 2721 quie
1188 2669 1237 2705 nou
1253 2654 1286 2704 ob
1297 2654 1380 2718 ipsum
1394 2653 1494 2713 iocum,
1506 2652 1552 2705 sed
1564 2656 1666 2718 propter
1682 2655 1781 2706 utilite·

1001 2768 1013 2792 ι
1030 2752 1096 2807 tem,
1118 2761 1172 2799 eem
1194 2761 1315 2797 ememus.
1349 2749 1435 2812 Neque
1457 2759 1517 2797 rere
1531 2746 1624 2811 priruti
1640 2747 1721 2797 sotum
1735 2747 1782 2797 bo·

1001 2861 1013 2884 ι
1031 2839 1110 2889 mines
1126 2839 1158 2890 ed
1183 2852 1261 2889 uuum
1280 2852 1367 2889 omnes
1388 2837 1433 2889 sed
1453 2838 1530 2889 etiam
1544 2837 1636 2902 integri
1652 2838 1736 2904 popuii
1755 2844 1784 2889 et

1002 2952 1014 2975 ι
1029 2935 1114 2995 gentes
1135 2932 1183 2981 bae
1201 2931 1227 2980 in
1251 2944 1278 2981 re
1298 2931 1464 2980 consentiunt.
1509 2933 1613 2991 Quare,
1635 2930 1679 2995 qni
1704 2929 1786 2980 telem

1002 3044 1014 3067 ι
1028 3022 1167 3087 opinionem
1178 3022 1269 3081 hebet,
1285 3021 1348 3072 nibit
1362 3036 1377 3071 ιι
1396 3022 1451 3072 iure
1468 3020 1554 3072 divino
1567 3021 1676 3072 alienum
1689 3022 1785 3081 sentit,

1003 3134 1014 3157 ι
1032 3113 1228 3178 necquidquam
1253 3113 1313 3162 fucit
1338 3116 1424 3163 oouba
1444 3126 1577 3163 commune
1593 3114 1708 3164 omnium
1725 3126 1787 3177 gen·

1002 3229 1014 3252 ι
1031 3209 1095 3258 tium
1110 3209 1157 3258 ius.
1191 3211 1242 3272 Ego
1252 3209 1337 3271 igitur,
1350 3208 1411 3258 dum
1421 3208 1476 3258 brec
1488 3223 1542 3272 ugo,
1553 3223 1594 3259 me
1609 3214 1635 3259 et
1652 3223 1693 3260 res
1707 3209 1789 3260 iustas

1003 3324 1014 3345 ιι
1030 3305 1055 3352 et
1078 3300 1154 3351 utiles
1170 3303 1197 3350 et
1218 3301 1350 3359 honestus,
1379 3300 1505 3366 simulque
1522 3302 1548 3350 in
1574 3302 1637 3352 deos
1659 3302 1789 3366 piissimus

1003 3411 1016 3435 ιι
1030 3404 1102 3454 agere
1124 3389 1232 3439 arbitror
1252 3406 1258 3434 :
1277 3404 1322 3440 nee
1341 3403 1405 3454 opus
1418 3395 1456 3440 est
1471 3391 1534 3440 mihi
1556 3391 1672 3441 homines
1691 3391 1790 3442 iudices

1004 3500 1015 3524 ιι
1030 3492 1159 3545 querere,
1170 3479 1214 3544 qui
1232 3477 1363 3528 veritatem
1375 3479 1525 3529 coniecturis
1542 3484 1567 3529 et
1588 3479 1707 3544 opinione
1727 3494 1792 3530 onu-

1004 3591 1016 3612 ι
1031 3570 1140 3628 ieeteut,
1162 3568 1280 3633 quonium
1305 3567 1407 3617 resdiis
1427 3572 1510 3631 gretns
1535 3567 1608 3618 tucio.
1644 3571 1700 3618 Nou
1720 3570 1789 3620 euim

1004 3680 1016 3702 ι
1030 3658 1146 3709 existimo
1160 3671 1201 3708 me
1217 3671 1265 3709 res.
1281 3670 1339 3721 quse
1352 3657 1404 3706 tieri
1417 3662 1559 3721 nequeunt.
1577 3658 1679 3720 auumdi
1689 3698 1696 3710 ,
1708 3673 1790 3724 quuru

1004 3769 1017 3792 ιι
1035 3749 1060 3796 in
1084 3748 1134 3797 iilis
1154 3746 1215 3796 deos
1228 3750 1344 3795 unctores
1363 3745 1483 3799 bnbenm,
1496 3746 1518 3795 si
1538 3760 1570 3797 ex
1585 3748 1724 3811 preteritis
1745 3763 1791 3798 ur·

1004 3859 1016 3881 ι
1032 3842 1178 3902 gumeuturn
1199 3836 1231 3886 de
1250 3834 1343 3885 tuturis
1362 3850 1461 3886 sumere
1474 3835 1541 3886 iicet.

1034 3996 1129 4043 xxxi.
1146 4014 1158 4036 ι
1176 3992 1248 4050 Quoi
1269 3995 1353 4041 nutem
1373 3991 1463 4040 attinet
1477 3990 1508 4040 nd
1528 3990 1743 4051 moderationem,
1756 3992 1792 4042 ed

1003 4102 1015 4124 ι
1030 4095 1107 4145 quum
1128 4095 1168 4130 rue
1184 4078 1368 4131 nultrortomini.
1390 4083 1520 4142 regentes,
1538 4092 1569 4128 ne
1580 4084 1681 4142 gentem
1694 4083 1788 4130 Roma·

1002 4194 1014 4216 ι
1031 4188 1089 4223 nuru
1110 4173 1230 4223 radicitus
1247 4171 1368 4225 evellunt,
1387 4184 1450 4220 nere
1470 4169 1585 4220 funditus
1600 4171 1690 4221 urbem
1707 4175 1792 4221 totam

1003 4288 1014 4305 ιι
1031 4270 1158 4315 esuriem:
1181 4276 1292 4326 possem,
1313 4260 1422 4312 Minuci,
1437 4259 1534 4309 dicere.
1553 4273 1601 4308 uun
1620 4273 1676 4309 esse
1696 4259 1745 4309 boe
1762 4260 1791 4309 iu

1003 4378 1014 4395 ι
1032 4358 1154 4418 pertesi-ute
1174 4366 1245 4407 suen,
1270 4364 1349 4414 neque
1369 4350 1431 4399 benc
1456 4348 1592 4398 orationem
1618 4349 1707 4398 adme
1729 4362 1790 4399 esse

1004 4466 1015 4485 ι
1031 4442 1201 4506 dirigendam.
1222 4440 1264 4489 sed
1287 4453 1327 4488 rue
1339 4438 1441 4502 quidum
1461 4451 1517 4487 esse
1536 4438 1663 4501 mpiarum
1677 4440 1789 4503 impera·

1004 4564 1013 4574 ι
1032 4540 1125 4582 turone.
1147 4532 1207 4579 istos
1226 4544 1286 4577 seru
1302 4529 1361 4578 beiti
1379 4533 1403 4578 et
1426 4528 1493 4592 puris
1508 4526 1616 4576 arbitrus
1631 4545 1637 4572 :
1654 4543 1733 4593 quere
1754 4530 1789 4579 ab

173 4636 185 4657 ι.
205 4604 279 4682 παρὰ
300 4604 396 4661 τούτων
420 4608 530 4664 αἱτεῖτθε
547 4608 598 4664 εἴτε
616 4609 713 4689 ἀνοχὰς
728 4610 779 4668 εἴτε
795 4613 947 4686 διαλλαγλς,
972 4646 976 4681 γ
1003 4646 1013 4664 ιι
1032 4623 1086 4670 istis
1107 4621 1159 4668 sire
1174 4617 1366 4673 indur·ius,sire
1385 4631 1470 4682 purtem
1487 4617 1591 4679 petetis.
1608 4632 1656 4666 uon
1672 4623 1787 4668 autema

173 4725 184 4746 ιι
204 4695 271 4754 ἀλλά
289 4694 325 4767 μί’,
341 4695 402 4770 παρ’
418 4698 496 4768 ἐμοῦ.
512 4700 552 4754 Οὐ
569 4699 621 4769 μὴν
637 4700 735 4769 ταύτην
750 4723 779 4775 γε
793 4702 887 4775 δίδωμι
901 4699 949 4769 τὴν

117 4797 143 4833 ῐιῡ
173 4814 185 4836 ιι
204 4786 432 4865 ἂττοκριτινιάλλά
462 4788 506 4844 καὶ
529 4787 599 4851 θεούς
622 4789 706 4846 σε’όων
731 4790 789 4853 τούς
811 4788 948 4867 πατρῴους

174 4902 185 4923 ιι
203 4879 248 4932 καὶ
269 4881 362 4958 upon<
385 4874 535 4949 αἰδούμενος
561 4878 695 4954 προγόνων
721 4879 767 4935 καὶ
787 4882 854 4954 γῆν,
876 4877 902 4945 ἐξ
918 4884 948 4946 ἧς

174 4994 185 5010 ιι
204 4968 284 5037 ἔφυν,
308 4967 433 5042 γυναῖκας
463 4989 490 5023 τε
511 4964 555 5023 καί
579 4968 675 5030 παῖδας
691 4969 764 5040 ὑμῶν
792 4969 888 5041 tiemo,
910 4971 948 5031 τίς

173 5080 178 5097 ι
204 5052 250 5107 οὐκ
270 5053 424 5122 ἐπιτηδείοις
438 5045 495 5112 οἶοι
517 5053 550 5111 τά
570 5055 689 5132 πατέρων
711 5053 756 5113 καί
772 5056 873 5134 ἀνδρῶν
893 5055 948 5122 ’ἦξῑῑ

173 5164 186 5187 ιι
204 5137 360 5217 οφαλματα,
383 5142 429 5197 καὶ
455 5142 617 5219 otmarum
641 5144 693 5199 τῶν
720 5144 807 5201 ἄλλων
832 5146 877 5202 καὶ
903 5145 947 5204 διά

1003 4738 1014 4755 ιι
1030 4725 1078 4760 rue.
1113 4708 1185 4758 iiuud
1209 4713 1291 4757 tnrueu
1309 4708 1354 4756 bue
1378 4722 1523 4771 responsum
1551 4706 1622 4755 robis
1644 4705 1678 4754 d»
1713 4707 1786 4758 :sed

1004 4823 1015 4843 ι
1028 4801 1087 4864 quie
1100 4799 1160 4848 «letes
1175 4798 1268 4861 purius
1289 4811 1400 4853 senemr,
1415 4802 1438 4845 et
1455 4810 1568 4845 nrenruru
1585 4795 1699 4858 sepulcra
1710 4809 1782 4844 rere·

1004 4910 1015 4931 ι
1032 4904 1096 4939 nur.
1128 4893 1152 4937 et
1182 4887 1269 4950 μιεεῖιι.ι
1298 4900 1360 4936 ιιιεω
1381 4891 1405 4935 et
1434 4885 1568 4948 mniugum
1599 4883 1787 4948 liberorumque

1012 5014 1015 5021 .
1034 4982 1173 5029 nostrerum
1186 4976 1402 5026 rurumiserniione
1413 4988 1523 5024 εικιειοε.
1538 4974 1636 5036 inques
1648 4973 1787 5023 immeritos

1005 5072 1162 5131 ·pureutum
1188 5083 1215 5117 αι·
1238 5067 1385 5116 meriturum
1406 5066 1507 5126 perun
1528 5062 1655 5113 renident.
1670 5067 1747 5127 utque
1759 5062 1786 5112 iu

1005 5176 1015 5194 ι
1032 5157 1135 5219 primis,
1161 5156 1268 5207 Minuci.
1290 5154 1315 5204 iu
1331 5157 1441 5202 restrum
1467 5152 1588 5215 gratian,
1604 5165 1670 5216 ques
1691 5151 1786 5215 legatos
