3772 5828
168 329 227 391 538

170 484 242 537 μενοι
256 457 315 525 τούς
333 455 475 534 πολεμίους
492 455 533 514 ἀεῖ
556 454 718 534 προσωτέρω
745 462 790 514 τοῦ
807 454 945 535 χάρακος,

171 547 261 617 ἐπειδὴ
281 544 427 625 διέφθειραν
448 544 533 603 αὐτῶν
556 543 586 600 τό
605 542 777 622 προνοητικὸν
797 547 843 601 τοῦ
858 543 948 624 ἀτρα-

170 642 229 703 ist<
252 645 310 702 ταῖς
326 632 461 714 συνεχέσιν
476 630 615 715 ῶρελείαις
630 630 819 703 δελεάσαντες,
840 630 947 707 ἀγκαθί·

171 730 242 796 ζουσι
257 724 349 802 λόχους
364 725 391 781 έν
406 731 459 788 τοῖς
472 719 619 799 ἐπικαίροις
641 723 693 776 τῶν
712 718 818 799 χωρίων
832 719 947 799 νύκτωρ,

132 837 146 874 a
171 814 215 874 καῖ
238 812 321 893 έτεροι
342 810 388 880 τάς
403 809 568 890 ὑπερδεξίους
583 811 634 866 τῶν
649 808 747 866 πεδίων
769 806 948 884 καταλαμύά·

171 926 258 963 νονται
274 899 394 967 σκοπιάς.
436 903 460 960 'l
463 925 480 980 η
502 899 524 958 δ’
547 897 605 969 ἐξής
619 895 719 977 ήμέρα,
744 897 949 977 προπέμψαντες

170 991 273 1070 ὀλίγους
287 987 358 1055 τινδις
385 987 523 1057 ἀνόπλους,
545 991 580 1053 ὡς
595 985 627 1057 δή
652 988 771 1064 φυλακῆς
795 983 872 1045 ἕνεκα
895 987 949 1043 τῶν

175 1076 288 1149 νομέων,
318 1074 423 1154 ἀρ’ήκαν
452 1076 480 1131 ἐκ
505 1077 557 1132 τῶν
584 1073 689 1152 χωρίων
716 1072 816 1141 πολλάς
845 1073 950 1152 ἀγιλας.

172 1164 211 1228 Ως
234 1162 262 1220 δὲ
286 1163 440 1241 ἀπηγγέλθη
466 1171 518 1228 τοῖς
541 1161 667 1235 beiloe,
684 1163 725 1221 ύτι
751 1161 812 1229 τοὺς
839 1161 951 1232 πλησίον

123 1270 148 1309 to
175 1253 365 1333 ύπερύαλόντες
379 1253 472 1329 λόγους
488 1256 513 1311 ἐν
535 1252 615 1331 ὀλίγῳ
633 1254 666 1322 δή
685 1276 735 1310 τινι
752 1252 838 1331 χρόνῳ
856 1252 952 1328 μεστδν

176 1344 315 1424 εὑρήσουσι
331 1342 360 1399 τὸ
372 1342 460 1398 πεδίον
474 1341 605 1400 παντοίων
618 1344 714 1419 βοτῶν,
730 1343 776 1399 καὶ
790 1340 838 1411 τήν
851 1342 952 1420 ρυλάτ-

175 1452 271 1490 τονσαν
287 1429 354 1487 αότά
367 1438 444 1507 χεῖρα
459 1431 508 1508 ούχ
520 1428 626 1499 ἱκανήν,
641 1428 746 1500 ἐξῆλθον
762 1432 791 1487 tx
810 1434 855 1487 τοῦ
867 1452 953 1508 φρου-

177 1518 231 1595 ρίου
253 1518 371 1595 ρυλακήν
388 1517 436 1586 τήν
456 1520 588 1595 ἀρκοῦσαν
610 1519 635 1574 ἐν
657 1518 728 1594 αὐτῷ
745 1516 952 1585 καταλιπόντες·

175 1606 220 1663 καὶ
238 1607 404 1671 διανύσαντες
416 1610 517 1683 σπουδήΙ
531 1606 576 1663 καὶ
592 1606 661 1681 μετά
674 1606 819 1686 προθυμίας
831 1605 879 1676 τήν
893 1604 952 1663 θδόν

122 1714 147 1751 to
175 1696 356 1774 ε’πιραίνονται
367 1704 420 1764 τοῖς
436 1694 531 1775 φύλαξι
545 1698 597 1753 τῶν
614 1698 791 1775 βοσκημάτων
804 1719 953 1775 συντεταγ-

175 1783 249 1862 μένοι
261 1808 267 1819 ·
280 1786 397 1844 κάκεῖνοι
410 1787 439 1842 ού
451 1784 587 1860 δεξάμενοι
601 1784 694 1851 αὐτούς
710 1788 829 1864 έρευγον.
873 1788 909 1846 Οἱ
925 1785 952 1843 δέ

175 1872 287 1942 dritten,
306 1877 340 1939 ῶς
351 1875 378 1931 έν
395 1875 508 1953 ἀσραλεῖ
522 1872 554 1942 δή
570 1872 653 1951 ὄντες,
671 1874 729 1939 τούς
741 1897 768 1930 τε
779 1874 867 1948 νομεῖς
883 1895 953 1932 συνε-

174 1961 310 2038 λάμύανον
332 1962 377 2021 καὶ
391 1962 424 2021 τά
447 1962 606 2040 βοσκήματα
626 1963 810 2040 περιήλαυνον.
855 1959 903 2019 Ἐν
924 1960 951 2018 δὲ

174 2054 257 2131 τούτῳ
273 2053 297 2109 οἱ
312 2049 444 2130 Τυρρηνοί
465 2051 494 2108 ἐκ
514 2054 560 2121 τῆς
581 2051 684 2129 ἐνέδρας
707 2047 866 2113 ἀναστάντες
882 2048 952 2107 κατά

120 2157 148 2197 ao
175 2139 354 2216 πολλάχωρία
363 2138 568 2219 προσρίπτουσιν
578 2141 665 2204 αὐτοῖς
674 2137 851 2216 πανταχόθεν.
899 2135 952 2195 Καὶ

174 2230 198 2285 οῖ
208 2228 255 2303 μὲν
273 2226 375 2291 πλείους
389 2232 441 2283 τῶν
451 2226 595 2303 Ῥωμαίων
606 2223 792 2302 ἐσκεδασμένοι
807 2225 853 2285 καὶ
868 2224 951 2295 ἀλλή-

173 2317 228 2379 λοις
248 2315 356 2386 ἀμύνειν
373 2316 423 2393 οὐχ
436 2306 528 2374 οἷοίτε
547 2314 629 2386 σύτες,
647 2317 759 2373 ἐνταῦθα
776 2312 950 2375 ἀπολλυνται.

174 2403 255 2464 Ὅσοι
277 2402 305 2461 δὲ
326 2406 410 2461 αὐτῶν
433 2406 621 2477 συνεστηκότες
636 2395 713 2476 ἦσαν,
738 2402 953 2483 προθυμούμενοί

173 2516 199 2551 τι
223 2491 421 2553 καταλαύέσθαι
447 2493 545 2574 χοιρίον
562 2492 677 2574 ἀσραλὲς
699 2491 744 2550 καὶ
766 2492 830 2570 πρὸς
848 2489 882 2551 τά
903 2490 951 2570 ύρη

120 2596 147 2634 21·
173 2582 340 2655 σπεύδοντες,
368 2585 403 2649 εἰς
428 2580 515 2659 ἔτερον
539 2582 700 2661 ἐμπίπτουσι
724 2581 803 2661 λόχον
827 2583 853 2639 ἓν
878 2581 952 2645 θλαις

172 2670 218 2728 καῖ
228 2670 324 2737 νάπαις
342 2671 553 2748 ὑποκαθήμενον.
598 2672 651 2732 Καὶ
666 2671 766 2750 γίνεται
778 2672 864 2729 αὐτῶν
876 2668 950 2748 μάχη

173 2761 288 2837 καρτερά
304 2761 348 2818 καὶ
369 2761 444 2840 ρόνος
466 2760 492 2828 ἐξ
506 2760 637 2840 ἑκατέρων
652 2761 742 2827 πολύς.
786 2759 951 2819 ’ἀπεώσαντο

174 2850 201 2906 δὲ
223 2838 267 2906 ούν
289 2851 335 2908 καὶ
354 2849 462 2915 τούτους
478 2848 561 2926 ὅμως,
583 2852 627 2907 καὶ
648 2850 818 2921 πληώσαντες
835 2849 881 2917 τὴν
900 2847 951 2927 ρά-

176 2960 260 3014 ραγγα
270 2941 381 3016 νεκρῶν,
392 2938 540 3016 ἀνέδραμον
552 2940 596 2997 ἐπὶ
607 2938 685 3017 λάρον
697 2941 726 2996 οὐ
740 2936 826 3016 ῥοίδιον
838 2936 950 2994 ἁλῶναι·

118 3035 145 3075 ³0
173 3028 200 3085 έν
215 3017 237 3105 ᾧ
250 3025 298 3095 τήν
312 3029 438 3086 ἐπιοῦσαν
452 3048 536 3083 νυκτα
557 3025 650 3103 ἀποροι
666 3028 717 3082 τῶν
734 3022 883 3101 ἀναγκαίων
902 3025 950 3093 ηὖ-

173 3113 290 3172 λίσαντο.

210 3195 288 3252 ΧΧΙ.
313 3190 357 3269 Τῇ
373 3190 395 3245 δ’
413 3186 471 3259 ἑξῆς
488 3187 576 3267 ἡμέραΙ
593 3188 717 3263 μαθόντες
732 3186 778 3257 τήν
794 3195 942 3268 κατασχοῦ-

169 3305 217 3339 σαν
232 3281 291 3347 τοθς
309 3277 447 3359 σερετέρονς
462 3275 545 3356 τύχην
562 3280 587 3334 οἱ
597 3275 752 3355 κατέχοντες
766 3276 796 3333 τό
813 3276 943 3357 ρρούριον,

167 3366 481 3443 salsamentariae
502 3366 624 3425 ἀπόλωλε
644 3369 689 3436 τῆς
716 3376 842 3445 στρατιᾶς
866 3365 944 3444 μέρος

113 3471 139 3512 tt
168 3464 193 3518 ἓν
209 3464 266 3524 ταῖς
282 3458 429 3535 ἁρπαγαῖς,
451 3454 480 3513 τό
500 3455 527 3513 δέ
549 3455 688 3535 κράτιστον
711 3457 737 3513 ἓν
760 3454 814 3537 ὄρει
834 3457 942 3536 πολιορ-

167 3553 252 3607 κεῖται
272 3544 527 3620 κατακεκλεισμένον
548 3545 657 3625 ἐρήμῳ,
676 3544 721 3604 καλ
745 3547 766 3604 εἶ
791 3546 827 3622 μὴ
848 3547 943 3625 ταχεῖά

167 3662 204 3703 τις
221 3639 307 3702 αὐτοῖς
322 3636 397 3693 ἔσται
411 3633 518 3712 βοήθεια
534 3634 628 3693 σπάνει
641 3639 693 3693 τῶν
708 3635 860 3711 ἀναγκαίων
875 3637 943 3714 ρθά-

168 3749 256 3785 σουσιν
280 3723 466 3804 ἐξαιρεθέντες,
482 3722 591 3801 ἐξῄεσαν
611 3721 680 3780 κατά
702 3723 819 3795 σπουδὴν
839 3726 942 3801 ὀλίγους

167 3814 235 3871 πάνυ
262 3812 452 3877 καταλιπόντες
471 3814 496 3869 ἐν
521 3814 558 3889 τῷ
585 3810 684 3892 φρυρίῳ
709 3811 837 3890 φύλακας·
887 3813 941 3871 Καὶ

167 3903 258 3968 αύτούς
280 3905 302 3959 οἱ
319 3899 469 3979 Τυρρηνοί,
492 3899 553 3978 πρὶν
575 3897 738 3975 ἢσυμμίξαι
759 3904 812 3964 τοῖς
827 3900 938 3980 ἑτέροις,

166 3991 422 4067 ἐπικαταδραμόντες
435 3991 465 4047 ἐκ
482 3992 533 4045 τῶν
554 3987 659 4065 χωρίων
675 3988 833 4046 κυκλοῦνταί
847 4013 876 4046 τε
893 3990 939 4048 καὶ

165 4077 251 4133 πολλὰ
276 4082 382 4152 γενναῖα
408 4077 472 4155 ἔργα
503 4075 721 4150 ἀποδειξαμένους
746 4076 937 4156 διαφθείρουσιν

165 4164 284 4229 ἅπαντας
303 4163 350 4221 σύν
372 4165 468 4245 χρόνῳ.
512 4167 578 4224 Μετ’
597 4167 625 4222 ού
643 4164 709 4222 πολύ
734 4164 761 4223 δέ
781 4165 826 4223 καὶ
844 4169 867 4224 οἱ
888 4166 932 4225 τόν

164 4253 242 4333 λόγον
258 4252 472 4328 καταλαύόμενοι
496 4257 565 4331 λιμῷ
591 4254 681 4312 τεκαὶ
704 4254 766 4335 δίψῃ
792 4253 940 4331 πιεζόμενοι

164 4343 243 4418 θμόσε
259 4351 354 4420 χωρεῖν
366 4351 419 4407 τοῖς
431 4344 566 4420 πολεμίοις
583 4343 715 4420 ἔγνωσαν·
731 4345 775 4402 καί
791 4346 940 4420 συμπεσόν-

163 4456 204 4497 τες
220 4433 302 4508 ὀλίγοι
317 4430 381 4509 πρός
396 4432 524 4509 πολλοὺς,
539 4432 617 4491 ἕωθεν
635 4433 777 4510 ἀρξάμενοι
789 4434 868 4513 μέχρι
883 4459 941 4493 νυκ·

163 4521 205 4586 τός
221 4520 366 4597 ἐμάχοντο·
383 4521 427 4576 καὶ
447 4528 568 4580 τοσοῦτον
595 4521 722 4592 ἐποίησαν
739 4527 790 4581 τῶν
805 4524 939 4600 πολεμίων

164 4607 255 4701 ρόνονη,
271 4605 339 4664 ὥστε
359 4608 415 4674 τοὺς
430 4608 528 4687 σωρούς
553 4613 604 4667 τῶν
627 4616 726 4691 νεκρῶν
751 4609 871 4687 ἐμποδὼν
894 4614 939 4669 αύ-

164 4704 297 4766 τοῖςεῖναι
321 4701 367 4767 τῆς
393 4698 481 4776 μάχης
496 4700 621 4777 πολλαχῇ
647 4701 816 4779 κεχυμένους.
861 4702 896 4760 Οἱ
911 4698 939 4759 δέ

163 4787 296 4868 Τυρρηνοί
319 4788 408 4846 πλεῖον
437 4787 454 4855 ἢ
477 4787 506 4843 τό
531 4787 616 4864 τρίτον
639 4792 685 4860 τῆς
709 4799 835 4868 στρατιᾶς
862 4789 939 4866 μέρος

164 4877 359 4943 ἀπολωλεκότες
376 4877 421 4935 καὶ
437 4875 496 4952 περὶ
510 4880 555 4932 τοῦ
569 4878 662 4935 λοιποῦ
676 4880 824 4954 δείσαντες,
845 4877 938 4955 μικρὸν

164 4967 322 5045 ἀνασχόντες
340 4967 373 5025 τά
386 4965 464 5035 ἀπλα,
479 4967 521 5022 διὰ
536 4968 588 5023 τῶν
606 4969 791 5036 ἀνακλητικῶν
807 4971 937 5046 έπεκηρυ·

162 5053 267 5112 κεύοντο
285 5056 348 5134 πρός
360 5055 418 5120 τοὺς
441 5055 551 5130 ἄνδρας,
574 5055 662 5112 ἀδειαν
678 5056 765 5120 αὐτοῖς
791 5057 934 5134 ὑπισχνού-

163 5164 236 5219 μενοι
251 5144 295 5201 καῖ
308 5144 400 5215 δίοδον,
411 5143 455 5201 ε’ἀν
466 5143 499 5198 τὰ
514 5141 582 5200 ὅπλα
596 5145 745 5202 ἀποθῶνται
759 5142 805 5200 καῖ
817 5143 847 5200 τὸ
856 5140 933 5222 ρρού·

688 323 857 385 broatslt
880 322 1259 388 HALICARNASSENSIS

1002 465 1077 523 mut,
1090 462 1126 511 ita
1136 466 1164 511 nt
1176 462 1228 524 illl,
1248 460 1354 525 amplius
1363 463 1446 511 tntum
1458 472 1508 509 non
1528 458 1727 525 pmspicereut,
1743 475 1800 513 con·

1002 558 1071 609 tiana
1084 557 1168 623 preda
1193 557 1285 617 illecti,
1304 566 1380 607 noctu
1400 556 1427 607 iu
1440 556 1503 607 locis
1519 558 1677 622 opportunis
1691 558 1799 611 insidias

1001 657 1168 715 collocarunt,
1190 659 1216 705 et
1233 654 1275 704 alii
1292 654 1405 719 speculas
1419 654 1513 718 carnpls
1533 654 1702 709 inminentes
1720 673 1798 709 occu·

1002 757 1101 820 parum.
1136 752 1260 803 Postridie
1280 766 1356 807 rem,
1372 752 1508 817 praenrissis
1522 754 1615 819 paucis
1638 755 1796 819 quibusdam

1002 851 1125 903 militibus
1136 850 1255 907 armatis,
1275 850 1347 912 quasi
1360 848 1391 899 ad
1405 852 1536 915 pastorum
1546 851 1712 915 praesidium,
1729 856 1795 906 mul-

1003 950 1042 998 los
1059 959 1144 1011 greges
1161 959 1193 995 ex
1208 943 1317 995 castellis
1333 944 1478 997 craiaerunt.
1511 947 1599 1004 Quum
1618 951 1709 998 autem
1729 964 1794 1000 nun-

1003 1045 1093 1094 tiatum
1107 1045 1171 1094 esset
1197 1041 1280 1092 Fabiis
1304 1054 1362 1103 cos,
1387 1042 1511 1105 superatis
1532 1042 1659 1107 proximis
1685 1045 1793 1096 collibus

1005 1146 1094 1209 exiguo
1115 1144 1233 1209 temporis
1245 1126 1336 1209 'spatio
1354 1156 1469 1209 campum
1489 1142 1560 1194 vario
1582 1145 1686 1209 μετοεὶε
1704 1162 1793 1211 genere

1002 1242 1102 1306 plenum
1116 1245 1276 1299 inventuros,
1290 1242 1366 1307 idque
1376 1256 1425 1292 non
1437 1243 1499 1294 satit
1512 1242 1600 1293 valida
1611 1259 1693 1295 mann
1712 1250 1792 1296 custo

1002 1337 1097 1396 ditum,
1120 1336 1264 1402 prodicmnt
1284 1339 1426 1399 ccastallo,
1445 1336 1563 1403 presidio
1584 1344 1717 1405 quantum
1732 1343 1792 1392 satis

1002 1438 1068 1487 esset
1079 1435 1112 1485 ibi
1129 1434 1232 1485 relicto:
1252 1434 1373 1486 etitinere
1386 1448 1489 1501 propere
1500 1438 1528 1485 ct
1537 1435 1659 1487 alacriter
1669 1440 1790 1495 mulceto,

1003 1532 1055 1583 acie
1075 1531 1196 1582 instructa
1212 1544 1241 1581 ex
1264 1531 1400 1595 improviso
1420 1531 1445 1580 in
1468 1534 1634 1596 conspectum
1658 1535 1790 1585 custodum

1005 1626 1101 1693 pecoris
1117 1629 1245 1677 venerunt.
1278 1627 1318 1677 llli
1333 1641 1394 1677 vcro
1411 1640 1460 1677 non
1472 1631 1622 1692 exspectato
1636 1644 1725 1679 eorum
1749 1631 1791 1679 ira-

1004 1726 1061 1786 pela
1078 1722 1202 1787 lugemnt.
1250 1725 1285 1772 Ασ
1303 1722 1390 1777 Fabii,
1412 1724 1485 1787 quasi
1503 1724 1530 1774 in
1546 1728 1620 1787 tuto,
1637 1732 1664 1778 et
1679 1733 1791 1791 pastores

1004 1823 1262 1887 corirprclrcndebant,
1288 1827 1314 1874 et
1335 1836 1411 1887 pecus
1432 1822 1576 1887 abigebant.
1606 1826 1708 1877 Interea
1732 1842 1788 1877 reru

1004 1918 1118 1975 Etrusci,
1139 1917 1231 1982 passim
1248 1931 1280 1968 ex
1299 1916 1394 1968 insidiis
1406 1922 1551 1983 surgentes,
1572 1920 1688 1985 undiquc
1704 1922 1729 1970 ia
1747 1936 1787 1971 eos

1002 2015 1123 2079 impeturn
1137 2014 1240 2066 faciunt.
1257 2018 1289 2065 Et
1299 2028 1378 2080 quum
1395 2015 1508 2080 plerique
1520 2018 1689 2068 Romanorum
1705 2022 1788 2069 essent

1004 2111 1125 2176 dispersi,
1139 2111 1240 2161 rrecsibi
1259 2111 1363 2161 invicem
1380 2116 1481 2175 possent
1493 2125 1652 2173 εαοαιττεττ,
1669 2114 1703 2162 ibi
1719 2115 1784 2165 intc-

1003 2213 1107 2264 rierunt,
1150 2213 1182 2259 aa
1200 2211 1325 2273 quotquot
1346 2222 1433 2259 eornm
1449 2208 1585 2273 οοιιρΙοθαθ
1599 2213 1685 2267 crant,
1699 2224 1780 2273 quarn

1003 2322 1091 2375 magun
1112 2306 1188 2357 antimi
1201 2305 1358 2356 contentione
1381 2310 1527 2357 conarentur
1541 2305 1620 2355 locum
1635 2309 1719 2355 tutum
1735 2320 1779 2357 oc·

1003 2421 1095 2473 cupere
1108 2409 1133 2456 et
1154 2404 1185 2454 ad
1205 2406 1301 2454 rnontes
1322 2402 1535 2467 properareut‚in
1548 2402 1608 2454 alias
1623 2403 1726 2453 lusidius
1743 2405 1783 2453 in·

1003 2506 1117 2556 ciderunt
1129 2502 1234 2554 insiliis
1246 2506 1273 2552 et
1289 2500 1395 2551 saltibus
1404 2500 1571 2552 subsidentes
1592 2501 1630 2551 lbi
1639 2504 1689 2551 acri
1701 2516 1785 2565 pagna

1003 2603 1146 2661 commissa,
1169 2613 1257 2664 magna
1272 2598 1389 2662 utrinque
1402 2597 1486 2649 credes
1495 2597 1572 2651 lacta.
1594 2603 1691 2650 Tarnen
1703 2606 1730 2649 et
1739 2600 1784 2651 lros

1002 2699 1046 2763 qul
1063 2715 1122 2749 curn
1142 2698 1201 2763 ipsis
1217 2695 1340 2759 congressi
1360 2698 1431 2745 erant
1442 2696 1601 2759 repulerunt,
1615 2701 1642 2747 et
1657 2700 1709 2748 tota
1722 2697 1784 2747 salle

1002 2799 1166 2850 cadaveribus
1185 2799 1296 2862 repleta,
1317 2810 1391 2847 cursu
1410 2795 1436 2845 in
1448 2794 1537 2845 collem
1560 2808 1610 2845 non
1625 2796 1723 2847 facilem
1744 2809 1783 2845 ex·

1002 2901 1112 2960 pargnatu
1126 2899 1272 2953 crearunt,
1297 2894 1338 2943 ubi
1357 2895 1502 2958 sequentem
1525 2896 1626 2943 noctem
1650 2894 1705 2945 sine
1721 2907 1782 2943 coan-

1001 2994 1125 3044 mcalibus
1139 2998 1249 3055 sanarunt.

1032 3204 1095 3252 Xxl.
1114 3204 1215 3251 Postero
1227 3201 1276 3251 ilie.
1287 3216 1366 3266 quum
1375 3202 1400 3262 ii,
1413 3202 1458 3265 qui
1468 3201 1565 3251 rastelli
1574 3201 1695 3265 praesidio
1707 3202 1783 3252 relicti

1001 3291 1115 3351 lucrant,
1144 3304 1245 3339 suorum
1281 3290 1376 3341 cladem
1398 3291 1587 3355 cognovissent,
1612 3294 1639 3340 et
1665 3293 1781 3341 maiorem

1000 3380 1123 3429 exercitus
1145 3383 1241 3443 partem
1267 3380 1291 3428 in
1312 3379 1404 3442 rapinis
1426 3391 1529 3431 caesam,
1550 3378 1782 3441 prestantissimae

999 3481 1058 3517 vero
1077 3468 1102 3516 in
1123 3470 1206 3516 monle
1233 3467 1338 3516 obsideri
1364 3466 1463 3516 deserto
1486 3466 1648 3523 conclusam,
1674 3472 1715 3528 ct,
1736 3468 1782 3517 nisi

999 3561 1095 3608 mature
1115 3557 1164 3606 illis
1182 3556 1372 3613 subveniretur,
1395 3553 1460 3614 lure,
1479 3560 1506 3605 ut
1526 3555 1609 3606 victus
1628 3557 1712 3622 iuopia
1736 3558 1782 3608 citu

1001 3650 1207 3711 expugnarentur,
1221 3646 1335 3695 exierunt
1351 3658 1439 3707 inagna
1459 3644 1631 3705 testinatione,
1652 3648 1781 3710 perpaucis

998 3735 1030 3785 ad
1048 3735 1141 3785 castelli
1158 3735 1300 3798 praesidium
1316 3733 1416 3783 relictis.
1434 3735 1485 3783 llos
1500 3733 1619 3794 Etrusci,
1633 3735 1778 3800 priusquam

999 3840 1026 3874 se
1038 3839 1095 3875 cum
1107 3825 1161 3873 aliis
1170 3823 1337 3885 (contegerent,
1347 3827 1373 3872 et
1385 3822 1494 3872 castellis
1502 3821 1667 3873 decurrentes
1676 3825 1779 3873 circum·

998 3913 1138 3970 dederunt,
1161 3925 1269 3975 cosque,
1285 3917 1340 3975 post
1358 3912 1438 3962 multa
1457 3912 1530 3962 tortia
1545 3911 1655 3962 facinora
1673 3912 1706 3962 ab
1722 3914 1780 3976 ipsis

997 4001 1064 4051 edila
1074 4039 1080 4059 ,
1092 4000 1123 4050 ad
1134 4014 1209 4049 unum
1224 4015 1309 4048 omncs
1322 4001 1420 4050 tandem
1432 4000 1618 4052 interfecerunt.
1635 4003 1686 4051 ltlcc
1700 4002 1780 4051 inulto

996 4094 1049 4154 pist
1064 4089 1098 4138 illi
1115 4090 1202 4145 etiarn,
1218 4089 1260 4151 iqui
1276 4089 1397 4139 tumulum
1408 4094 1571 4153 occuparent,
1586 4104 1664 4153 quum
1677 4090 1742 4140 lame
1753 4096 1777 4140 et

996 4177 1036 4226 sill
1051 4181 1226 4242 prcrnercntar,
1247 4191 1304 4226 cum
1318 4176 1430 4226 hostibus
1450 4178 1581 4241 confligere
1597 4177 1772 4235 decreverunt,

995 4265 1115 4328 paucique
1127 4265 1151 4314 ln
1166 4264 1259 4313 rriirltos
1270 4265 1334 4313 tracta
1345 4264 1506 4327 impressione
1517 4279 1532 4314 a
1545 4279 1617 4314 mane
1635 4263 1665 4313 ad
1675 4266 1773 4312 eructem

997 4368 1074 4416 usquc
1087 4357 1240 4417 pugnarunl;
1262 4356 1405 4416 tantamque
1425 4353 1535 4402 hostium
1558 4353 1686 4403 ediderunt
1703 4356 1770 4400 stra·

995 4456 1064 4503 ματα,
1083 4445 1107 4489 nl
1132 4441 1281 4491 cadaverina
1303 4442 1385 4490 ricerii
1409 4442 1496 4491 inullis
1517 4442 1542 4491 ia
1569 4442 1629 4492 locis
1646 4439 1693 4489 lusi
1722 4440 1775 4490 illis

995 4527 1172 4592 impedimento
1194 4534 1292 4589 esscrrt,
1320 4529 1455 4593 quominus
1476 4533 1625 4592 pirgmncnt.
1672 4530 1773 4578 Etrusci

996 4630 1054 4666 vcro
1064 4655 1070 4675 ,
1081 4617 1172 4666 airirissa
1187 4617 1294 4679 aemilius
1311 4618 1385 4666 tertia
1401 4618 1526 4668 (nescitus
1535 4622 1622 4681 parte,
1633 4622 1658 4669 ct
1673 4619 1775 4682 reliquis

995 4704 1127 4766 timentes,
1153 4720 1233 4767 ριιμιιιι
1263 4706 1397 4768 paullisper
1425 4706 1581 4768 intermissa,
1610 4711 1686 4772 atquc
1705 4709 1774 4771 signo

995 4795 1102 4857 receptui
1123 4794 1197 4852 clato,
1214 4795 1391 4843 cailaccatorcs
1407 4795 1438 4844 ad
1464 4796 1521 4845 illos
1537 4798 1678 4861 miserunt,
1701 4799 1772 4848 bilem

994 4883 1116 4947 publicana
1131 4886 1264 4944 tulirrnqnc
1280 4884 1414 4932 transitum
1424 4884 1483 4946 ipsis
1496 4885 1657 4948 pollicentes,
1671 4890 1691 4938 si
1705 4904 1773 4939 arma

992 4972 1145 5036 clcpancrcnl
1167 4975 1192 5019 ct
1213 4971 1316 5020 castella
1337 4970 1493 5021 decederent.
1527 4978 1596 5030 θυαε
1617 4976 1775 5027 conditiones

992 5076 1070 5123 qnurn
1085 5060 1120 5109 illi
1136 5075 1185 5109 riou
1199 5060 1378 5121 admitterent,
1397 5061 1442 5109 secl
1464 5063 1562 5111 lurlitcr
1574 5065 1639 5114 muri
1652 5067 1775 5129 naallcal,

992 5152 1133 5203 instaurato
1145 5152 1233 5216 proelio
1248 5165 1292 5215 per
1303 5151 1370 5201 vices
1385 5165 1428 5202 eos
1444 5150 1551 5216 aggressi
1563 5155 1637 5215 suat,
1652 5168 1702 5203 non
1719 5170 1775 5204 arn·

471 5382 1042 5464 Δ*
