3772 5828
178 309 237 370 368
693 306 863 367 DlONYSll
885 304 1266 368 ualchRlesuilsis

179 464 192 491 ιι
207 460 252 498 ται
268 435 373 516 βλάόη,
388 436 435 496 καὶ
447 423 505 514 ist}
520 435 551 496 τδ
564 435 629 498 έδιύν
649 461 688 503 τις
708 438 824 516 ἀσφαλές
839 439 954 497 ἀποοκο-
1012 464 1025 488 ιι
1040 443 1167 494 securitati
1186 443 1306 502 oonsulit.
1329 456 1486 499 oommnnem
1503 446 1677 500 universorum
1697 451 1790 516 perdit.

179 553 192 580 ι
206 528 267 599 πεῖ,
292 525 322 585 rb
348 526 416 605 μετά
441 526 547 585 πάντων
573 524 657 586 κοινὸν
686 527 789 586 ἀπολεῖ.
840 524 911 586 Ἀλλ’
933 527 956 584 si
1010 534 1132 590 «Quare,
1152 531 1251 582 etiamsi
1269 534 1328 582 ante
1346 531 1495 597 ignorabatis
1516 549 1561 585 ros
1576 535 1623 587 boc
1640 540 1708 590 metu
1724 539 1792 591 libe·

179 642 192 668 ιι
206 615 252 674 καὶ
282 614 320 693 μέ,
343 614 470 695 πρότερον
497 613 614 692 ἐγνωτι,
637 613 677 673 δτι
703 613 811 672 λέλυται
840 613 870 673 τὸ
899 612 956 680 δέος
1010 623 1106 670 «ratos
1121 632 1176 670 esse
1190 622 1214 669 el
1228 619 1370 670 libertatem
1384 622 1654 687 slniimerquoarma
1669 626 1788 692 cepistis,

179 706 281 780 «ὑμῶν
301 707 346 763 καλ
372 704 402 764 τὸ
417 701 551 784 ἐλεύθερον
575 701 633 779 ἅμα
656 709 710 769 τοῖς
730 700 820 770 δπλοις
842 701 956 783 βεόαέως
1011 726 1023 748 ι
1039 705 1207 757 confirmatam
1218 719 1364 767 esso‚nnno
1381 708 1469 760 saltem
1482 709 1539 761 istis
1552 711 1593 762 usi
1604 713 1728 778 magistris
1740 714 1790 767 boc

138 831 152 869 g
180 819 193 846 ι
210 791 304 874 ἐχετε,
328 799 371 852 νῦν
393 816 423 872 γε
437 791 470 863 δὴ
487 791 585 870 μάθετι
601 790 770 859 διδασκάλοις
792 791 956 872 χρησάμενοι
1011 791 1148 843 «discatis.
1182 795 1236 843 Non
1254 794 1320 845 enim
1341 796 1443 862 superbi
1459 801 1484 848 et
1497 798 1621 865 imperiosi
1641 801 1790 855 reniuntad

180 907 193 935 ιι
208 883 318 948 τούτοις.
361 883 397 941 Οἱ
411 879 462 960 γάρ
476 879 639 960 ὑπερήφανοι
655 878 700 939 καὶ
712 880 819 961 βαρεῖς,
834 880 882 939 οὐκ
894 883 956 938 ἐπι·
1011 894 1097 943 «nos,
1112 882 1201 933 nonni
1215 885 1274 933 ante
1292 883 1440 948 imperantes
1468 900 1515 938 neo
1525 887 1790 950 minitantesmonro-

179 996 192 1024 ιι
205 971 341 1039 τάττοντες
360 971 443 1047 ὑμῖν,
464 971 500 1038 ὣς
515 969 641 1050 πρότερον
658 968 784 1042 ἥκουσιν,
803 967 861 1029 otii
876 970 955 1027 ἀπει-
1010 989 1024 1014 ⁸¹
1038 972 1124 1034 ganiel
1135 973 1211 1035 alque
1222 970 1356 1023 invltlules
1367 987 1413 1023 vos
1425 977 1454 1023 ui
1468 974 1494 1026 in
1507 979 1604 1028 vestm
1618 978 1690 1030 sedes
1703 993 1792 1032 rerer-

179 1084 192 1111 ι
207 1065 326 1132 λοῦντες,
343 1057 411 1119 ἀλλὰ
434 1056 552 1134 διόμενοι
574 1057 619 1117 καλ
633 1059 850 1137 παρακαλοῦντες
864 1057 908 1117 ἐπὶ
921 1056 955 1115 τό
1011 1076 1024 1103 ιι
1039 1059 1127 1109 lamini
1141 1063 1166 1110 et
1181 1060 1232 1111 lam
1250 1063 1280 1111 nt
1291 1074 1349 1112 oum
1367 1061 1509 1114 bominibus
1524 1078 1596 1131 uque
1610 1066 1696 1119 liberis
1716 1073 1792 1136 atque

179 1147 320 1229 ιιὺμέτιρα
340 1151 408 1226 ὑμᾶς
427 1145 562 1223 κατιέναι,
579 1146 624 1205 καλ
642 1150 678 1216 oi<
698 1144 842 1226 ἐλευθέροις
860 1144 955 1216 ἐξέαου
1011 1146 1088 1211 «ipsi
1105 1148 1444 1214 wnilsscipissssllobiwum
1458 1165 1541 1218 tzere·
1574 1154 1640 1213 Quid
1660 1157 1736 1222 igitur
1749 1172 1793 1210 eos

125 1268 152 1309 ¹0
180 1262 192 1288 ιι
205 1235 257 1310 ἤδη
273 1237 399 1318 ἄρχονται
414 1238 527 1315 aprinis,
571 1233 606 1296 Τέ
623 1225 668 1294 οὖν
689 1234 730 1295 ἔτι
745 1235 955 1315 καταπέπληχθε
988 1255 1024 1279 -ιι
1038 1235 1145 1300 amplius
1159 1234 1349 1297 lormidaiimot
1365 1239 1543 1304 inoetisiquin
1560 1242 1665 1295 liberam
1681 1249 1790 1298 mentem

180 1352 192 1378 n
207 1324 300 1391 αὐτούς
317 1326 362 1384 καλ
386 1332 520 1395 σιωπᾶτε,
545 1325 604 1382 ἀλλ’
628 1323 676 1382 ούιι
698 1324 820 1404 ἐλεύθερα
837 1326 955 1406 φρονεῖτε
1011 1340 1024 1367 a
1038 1323 1152 1385 Summi,
1165 1327 1210 1384 θῑι
1227 1324 1346 1391 dimisti
1358 1326 1458 1378 widem
1477 1329 1660 1393 “mimium
1675 1335 1792 1387 ⁰mnib11⁸

180 1396 253 1472 ικαὶ
275 1410 457 1492 διαρρήξαντις
479 1411 530 1485 ἤδη
545 1410 609 1471 ποτέ
624 1410 683 1478 τοὺς
704 1409 844 1491 χαλινοὺς,
864 1411 954 1492 λέγω
1012 1430 1025 1456 ιι
1039 1411 1156 1476 profertis
1167 1412 1272 1464 iniurias
1290 1428 1354 1480 quas
1372 1414 1404 1466 ab
1421 1415 1471 1468 illia
1486 1419 1634 1483 aeoepisiisl
1651 1427 1675 1472 ο
1691 1424 1790 1475 miserit

180 1528 193 1555 ιι
209 1502 245 1568 εἰς
257 1499 287 1560 rb
301 1500 386 1561 κοινὸν
400 1501 418 1561 ἀ
433 1500 579 1562 πεπόνθατε
594 1500 659 1581 πρδς
673 1487 817 1575 αιίτῶνςὯ
827 1501 955 1582 σχέτλιοι,
1012 1518 1025 1544 ‘¹
1038 1500 1100 1567 quid
1122 1502 1259 1552 limini?
1275 1516 1306 1553 Ν
1321 1504 1513 1570 nil(1¹¹5dess
1530 1507 1641 1572 Midili,
1654 1511 1676 1561 δί
1690 1525 1730 1562 ’Μ
1745 1511 1792 1563 (¹¹¹-

181 1618 193 1644 ιι
207 1589 234 1648 τί
243 1590 393 1660 δεδυίκατες
406 1589 444 1667 μή
454 1613 480 1649 τι
489 1589 592 1661 πάθητε
601 1589 711 1666 ἡγεμόνι
721 1593 768 1663 τῆς
777 1587 956 1672 ἐλευθεροστο-

181 1705 193 1731 ι
208 1680 271 1754 μέας
284 1677 345 1757 ἐμοὶ
355 1678 505 1759 χρύμενοις
517 1677 677 1739 κινδυνεύσω
688 1680 739 1760 γάρ
751 1677 817 1762 ὑπέρ
832 1683 904 1758 ὑμῶν
917 1684 955 1742 sl-

181 1793 194 1818 ιι
209 1770 268 1826 πεῖν
277 1768 312 1826 τά
322 1766 413 1826 δίκαια
422 1766 491 1842 μετὰ
501 1766 652 1847 παρρησίας
662 1766 715 1847 ἐγὼ
721 1769 786 1847 πρὸς
795 1767 897 1846 αὐτοὺς,
909 1771 954 1831 καὶ

181 1881 194 1906 ιι
207 1852 280 1913 οὐδὲν
296 1853 494 1935 ἀποκρύψομαι.
541 1852 597 1914 Καὶ
609 1854 699 1925 ἐπειδὴ
719 1855 864 1935 Οὐαλέριος
881 1857 953 1917 οὐδὲν

181 1971 193 1997 ι
208 1944 301 2024 έφησιν
313 1932 380 2001 εἶναι
391 1941 421 2001 τὸ
432 1945 534 2001 κωλῦον
547 1941 717 2022 ἀναστρέφειν
727 1946 795 2024 ὑμᾶς
808 1946 851 2006 ἐπὶ
866 1948 899 2007 τά
914 1949 953 2006 ol·

180 2059 193 2086 ι
209 2033 279 2103 κεῑα,
291 2035 337 2103 τῆς
350 2030 446 2111 βουλῆς
455 2029 578 2103 διδούσης
587 2031 634 2104 τὴν
645 2032 753 2093 κάθοδον
765 2033 811 2092 καὶ
820 2039 952 2116 προσεψη·

126 2150 153 2191 20
180 2149 193 2175 ιι
208 2119 335 2202 φισμένης
356 2119 386 2178 τὸ
405 2118 443 2197 μὴ
464 2129 651 2194 μνησικακεῖν,
670 2125 746 2180 ταῦτ’
759 2122 954 2202 ἀποκρινοῦμαι

180 2235 193 2261 ιι
207 2207 272 2286 πρδς
280 2206 371 2285 αθτδν,
379 2204 446 2287 άπερ
458 2206 619 2278 ἐστὶνάληθῆ
628 2206 673 2266 καλ
680 2210 812 2285 ἀναγκαῖα
821 2211 951 2289 εἰρῆσθαι.

219 2296 347 2357 Lxxlll.
371 2323 384 2349 ιι
406 2293 512 2372 Ἡμάς,
528 2295 714 2376 ὠθύαλάριε,
733 2297 820 2355 πολλὰ
839 2297 887 2373 μὲν
907 2298 953 2357 καὶ

181 2412 193 2437 ιι
209 2383 278 2445 ἀλλὰ
291 2382 326 2442 τέι
342 2383 479 2443 κωλύοντά
496 2386 567 2445 ἐστιν
589 2384 763 2462 ἀποθεμένους
781 2385 815 2446 τά
828 2387 897 2447 ὅπλα
913 2388 953 2469 ἐφ’

182 2500 194 2527 ιι
212 2476 274 2551 ὑμῖν
293 2470 430 2552 γινέσθαι,
449 2471 510 2553 τρέα
535 2473 562 2532 δέ
586 2473 621 2533 rb
642 2470 815 2552 μέγιστακαὶ
837 2474 953 2558 φανερόν·

126 2595 153 2637 φ,
181 2590 195 2617 ιι
208 2586 286 2624 τατα.
343 2563 454 2642 Πρῶτον
486 2560 535 2640 μέν
563 2560 604 2622 ότι
633 2564 803 2642 ἐγκαλοῦντες
827 2568 892 2642 ἡμῖν
917 2566 953 2631 ὡς

181 2649 391 2731 «ἡμαρτηκόσιν
405 2649 484 2722 ἥκετε
497 2650 544 2710 καὶ
566 2653 592 2711 ἐν
614 2651 763 2731 εθεργεσέας
779 2650 864 2712 olant·
879 2652 954 2734 μέρει

181 2770 194 2794 ιι
210 2741 308 2800 διδόναι
331 2739 378 2811 τὴν
393 2739 514 2800 κάθοδον·
532 2738 624 2800 ἔπειτα
643 2740 685 2801 ὅτι
698 2738 772 2800 οὑδέν
792 2742 954 2814 ὑποδηλοῦτε

1013 1608 1026 1635 ι
1043 1602 1096 1641 nem
1115 1591 1194 1640 seculi
1211 1589 1291 1642 libere
1303 1592 1372 1657 qnod
1390 1595 1488 1647 sentitis
1500 1596 1712 1664 proteretisilign
1725 1602 1790 1653 enim

1013 1698 1025 1721 ι
1042 1677 1091 1728 illis
1101 1690 1146 1742 pro
1154 1678 1226 1729 robis
1236 1693 1292 1730 meo
1301 1693 1359 1729 eum
1375 1679 1484 1746 periculo
1493 1680 1570 1732 libere
1578 1682 1604 1732 id
1614 1684 1681 1749 qnod
1691 1699 1790 1748 equum

1014 1786 1026 1810 ι
1041 1769 1080 1817 est
1092 1765 1191 1829 dimus,
1208 1770 1234 1819 et
1255 1767 1317 1818 nibil
1340 1768 1432 1819 neiabo.
1465 1772 1497 1819 Et
1518 1771 1579 1836 quis
1596 1772 1709 1824 Valerius
1727 1774 1791 1825 dixit

1015 1876 1027 1898 ι
1041 1854 1104 1905 nibil
1124 1867 1178 1906 esse
1192 1855 1366 1921 impedimento
1386 1856 1470 1918 robis,
1484 1871 1536 1923 qno
1554 1859 1638 1911 minus
1656 1861 1682 1912 in
1697 1865 1793 1914 vestras

1016 1926 1117 1995 u'sedes
1137 1943 1340 2011 redeatls‚quod
1359 1949 1461 1997 serratus
1479 1946 1552 1998 robis
1570 1948 1679 2001 reditum
1692 1965 1792 2005 oonoes-

1024 2052 1038 2077 ιι
1054 2032 1129 2091 serit,
1152 2035 1179 2083 et
1203 2036 1323 2098 preterea
1353 2032 1492 2086 decreverit
1512 2036 1624 2088 omnium
1648 2039 1792 2093 iniuriarum

1016 2141 1028 2165 ι
1041 2119 1222 2185 preteritarum
1236 2121 1380 2173 memoriam
1389 2122 1520 2190 deponere,
1531 2124 1568 2176 illi
1580 2139 1609 2176 ea
1621 2128 1789 2192 respondebo,

1015 2228 1028 2253 ι
1043 2222 1100 2274 qne
1113 2213 1139 2259 et
1149 2209 1243 2260 veritas
1254 2209 1334 2261 dietat
1346 2214 1373 2262 et
1382 2211 1437 2277 ipsa
1447 2214 1581 2265 σοοατείίυε
1594 2216 1711 2280 postulat.

1044 2297 1152 2347 Lilillll.
1174 2317 1186 2342 ιι
1209 2298 1272 2349 cnm
1290 2299 1377 2350 multae
1389 2299 1445 2352 alle
1459 2314 1568 2365 causam,
1586 2303 1682 2364 Valeri.
1705 2309 1791 2358 vetant

1015 2406 1028 2430 ι
1043 2387 1120 2438 armis
1131 2388 1219 2453 posilis
1234 2392 1326 2441 vestrm
1342 2389 1400 2442 iidei
1418 2405 1465 2443 nos
1479 2392 1545 2458 ipsos
1557 2394 1724 2458 summittere,
1737 2402 1791 2450 tum

1015 2499 1028 2525 ι
1042 2494 1103 2531 reno
1118 2483 1171 2532 tres
1192 2482 1307 2533 maxime
1326 2484 1352 2534 et
1364 2482 1580 2538 manifestissimae.
1611 2488 1724 2541 Primum
1741 2494 1793 2557 qni·

1014 2593 1027 2618 ι
1039 2573 1111 2636 dem,
1126 2573 1187 2639 quio
1197 2573 1247 2624 huo
1259 2574 1349 2626 venitis
1364 2590 1410 2626 nos
1422 2583 1580 2641 aooumntes,
1596 2583 1667 2646 qnasi
1678 2583 1794 2652 deliqne·

1016 2679 1029 2710 ι
1043 2663 1130 2722 rimus,
1143 2665 1169 2715 et
1181 2663 1328 2715 beneficium
1338 2665 1439 2732 aliquod
1451 2667 1477 2719 in
1495 2683 1542 2722 nos
1557 2670 1671 2726 conferre
1683 2677 1793 2740 putetis,

1016 2773 1029 2797 ιι
1043 2767 1100 2804 oum
1113 2752 1221 2806 reditum
1234 2755 1369 2808 coneeditis
1383 2777 1390 2808 ι
1404 2758 1509 2826 deinde,
1529 2763 1589 2830 qnia
1604 2765 1637 2815 nd
1650 2779 1736 2831 ponem
1749 2782 1794 2818 nos

127 3040 154 3082 lo

181 2857 194 2884 ι
208 2830 421 2907 παρακαλοῦντες
434 2827 479 2887 ἐπὶ
497 2828 542 2896 τθις
557 2827 701 2907 διαλλαγὰς
714 2827 756 2910 ἐφ’
768 2819 805 2897 οἷς
818 2827 899 2898 αύτάς
916 2831 954 2890 δι-

181 2947 194 2972 ιι
210 2918 293 2985 καέοις
314 2917 331 2989 ἢ
355 2917 546 2998 φιλανθρώποις
571 2917 744 2993 ποιησόμεθα·
762 2918 794 2978 rb
816 2918 843 2978 δέ
865 2923 955 2982 τελευ-

181 3035 193 3060 ιι
208 3014 296 3078 ταῖυν,
319 3005 359 3065 ὅτι
383 3004 489 3085 βέόαιον
512 3011 576 3082 ἡμῖν
596 2996 632 3065 διν
654 3005 686 3064 ἀν
709 3005 861 3086 ὑπόσχησθε
881 3010 954 3068 οὐδέν

181 3124 194 3149 ιι
208 3097 297 3170 ἐστιν,
321 3095 391 3154 ἀλλά
415 3093 544 3161 πολλάκις
564 3093 745 3164 έξαπατῶντές
762 3119 791 3155 τε
809 3097 854 3156 καὶ
873 3121 954 3179 φενα-

181 3213 194 3239 ιι
209 3183 321 3253 κέζοντες
336 3190 408 3259 ἡμᾶς
426 3181 633 3244 διατετελέκατε.
669 3182 743 3263 Ἐρῶ
764 3182 791 3241 δὲ
806 3183 872 3264 ύπέρ
890 3188 954 3245 έκα-

181 3301 193 3326 ιι
209 3296 270 3331 στου
280 3272 373 3353 χωρὶς,
386 3271 439 3330 ἀπὸ
448 3275 493 3329 τοῦ
505 3269 607 3331 δικαέου
620 3268 771 3349 ἀρξάμενος·
783 3271 829 3331 καὶ
840 3272 891 3355 γάρ
903 3275 956 3356 ἐδίφι

181 3389 193 3414 ιι
207 3387 235 3421 τε
250 3361 295 3420 καὶ
312 3363 338 3419 ἐν
359 3363 438 3441 κοινῷ
457 3359 581 3439 λέγοντας
593 3361 702 3420 ἀπὸτοῦ
716 3359 816 3420 δικοέου
839 3362 891 3444 χρὴ
906 3363 956 3448 ἀρ·

182 3476 195 3503 ιι
210 3455 312 3529 χεσθαι.
325 3448 423 3526 Ἡμεῖς
430 3448 514 3508 τοίνυν
524 3452 548 3509 εἰ
563 3449 610 3527 μέν
627 3472 653 3507 τι
672 3450 810 3527 ἀδικοῦμεν
823 3456 901 3531 ὑμᾶς,
914 3456 958 3514 ού·

181 3564 193 3590 ιι
210 3538 252 3596 div
276 3537 387 3612 δεόμεθα
412 3534 470 3595 ούτε
493 3534 581 3603 ἀδεέας
601 3534 666 3597 οὔτε
680 3539 835 3615 ἀμνηστίας·
843 3543 957 3622 καέτοιγε

180 3653 193 3678 ιι
208 3627 256 3685 οὑκ
270 3625 392 3702 ἀξιοῦμεν
407 3623 479 3684 οὐδὲν
493 3629 627 3685 κοινωνεῖν
643 3624 682 3685 ἐτι
704 3631 751 3698 τῆς
764 3627 883 3705 πόλεως,
899 3633 958 3693 ἀλλ’

1017 2864 1029 2890 ι
1042 2847 1193 2908 invitantes,
1206 2848 1275 2899 nullo
1284 2848 1360 2901 modo
1371 2849 1487 2905 indicatis
1498 2855 1590 2921 quibus
1600 2859 1681 2921 niquis
1690 2863 1735 2910 ent
1742 2861 1790 2911 bu·

1016 2960 1029 2985 ι
1042 2940 1123 2991 manis
1135 2941 1316 2994 conditionibus
1327 2957 1383 2995 eam
1394 2943 1473 3009 νέοισι
1482 2946 1721 3017 inopumpostremo,
1733 2953 1791 3017 quia

1015 3053 1029 3079 ι
1042 3033 1105 3084 nibil
1125 3047 1225 3091 eorum.
1246 3048 1303 3098 quaa
1326 3037 1397 3088 nobis
1421 3037 1481 3089 οεθε
1497 3038 1600 3104 polliciti
1620 3045 1718 3093 eertum
1738 3047 1790 3105 est,

1017 3123 1088 3174 used
1107 3123 1157 3174 ism
1176 3124 1267 3188 saepius
1279 3125 1349 3178 nobis
1363 3127 1529 3193 imponerem
1544 3130 1628 3181 lumina
1646 3130 1729 3184 faeere
1743 3147 1793 3185 non

1016 3216 1186 3268 «dubitastis.
1211 3217 1296 3267 Dicam
1311 3223 1396 3271 sutem
1408 3222 1539 3288 separatim
1550 3222 1583 3275 de
1599 3225 1711 3290 ungulis,
1727 3229 1793 3279 tacto

1016 3330 1029 3356 ι
1044 3310 1124 3362 ainre
1138 3312 1209 3364 initio
1229 3333 1235 3363 :
1251 3317 1280 3365 nt
1291 3316 1357 3366 enim
1369 3315 1395 3367 in
1412 3315 1519 3381 privatis
1535 3314 1570 3367 iia
1585 3316 1611 3368 in
1622 3319 1729 3383 publicis
1741 3320 1792 3372 dis-

1016 3424 1029 3449 ι
1044 3403 1222 3468 captationibus
1236 3420 1251 3456 a
1270 3406 1324 3457 iure
1338 3406 1454 3458 dnoendn
1471 3411 1529 3460 sunt
1548 3409 1665 3462 emtionis
1683 3414 1793 3465 exordia.

1016 3516 1028 3541 ι
1043 3500 1093 3548 llos
1106 3498 1181 3562 igitur
1195 3499 1216 3549 ei
1230 3500 1300 3550 vobis
1317 3500 1432 3551 iniuriam
1447 3501 1567 3565 faoimns,
1582 3503 1674 3556 nullam
1685 3505 1792 3572 impuni·

1017 3605 1029 3630 ι
1045 3593 1140 3652 intem,
1154 3591 1248 3642 nnllam
1260 3592 1406 3643 iniuriarum
1418 3593 1568 3649 oblivionem
1581 3598 1707 3663 petimus:
1721 3604 1795 3666 atque

1014 3685 1153 3736 «adeone
1173 3685 1284 3737 οἰιιεθοιει
1308 3686 1417 3739 civitatis
1438 3690 1567 3743 nobiseum
1582 3676 1724 3759 ‘participes
1745 3709 1795 3746 nm-

1013 3799 1025 3823 «
1043 3779 1110 3845 plius
1127 3792 1180 3830 esse
1208 3781 1335 3840 volumus,
1359 3780 1404 3833 sod
1425 3781 1550 3835 inmunem
1572 3788 1597 3836 et
1612 3787 1694 3851 genios
1717 3786 1795 3842 dunos

1013 3896 1025 3920 ι
1043 3876 1134 3938 secuti,
1153 3875 1225 3927 sedes
1247 3876 1282 3926 ibi
1301 3876 1404 3940 ligemus
1423 3891 1572 3942 quoeunque
1593 3877 1671 3930 latum
1685 3891 1730 3929 nos
1742 3878 1790 3929 du·

1012 3970 1111 4019 «xant.
1145 3970 1215 4032 Quod
1243 3970 1264 4018 si
1287 3983 1347 4020 vero
1368 3985 1383 4021 a
1401 3971 1474 4022 vobis
1497 3970 1613 4022 iniuriam
1629 3971 1695 4036 passi
1712 3972 1793 4023 ooaoli

1013 4081 1025 4105 ιι
1040 4059 1133 4111 inimus
1145 4061 1209 4111 liano
1227 4063 1351 4113 fortunam
1367 4064 1487 4128 experiri,
1501 4063 1530 4113 in
1544 4078 1594 4128 qna
1610 4077 1696 4114 sumus
1710 4081 1717 4112 :
1732 4064 1793 4130 quin

1011 4173 1024 4198 ι
1038 4154 1148 4204 fatemini
1167 4168 1226 4214 ros,
1247 4157 1290 4221 qui
1311 4156 1382 4207 nobis
1400 4155 1517 4207 iniuriam
1535 4156 1641 4220 lecistis,
1664 4157 1712 4222 ipsi
1728 4156 1793 4207 indi·

1011 4265 1023 4290 ιι
1038 4261 1095 4312 gere
1105 4248 1176 4298 venia
1187 4252 1213 4298 et
1223 4249 1368 4300 oblivione?
1380 4251 1449 4300 lluno
1460 4262 1614 4312 remquam
1624 4249 1719 4300 veniam
1728 4249 1792 4313 peti-

1011 4341 1085 4404 «tis,
1099 4354 1154 4390 eam
1172 4354 1217 4389 vos
1236 4340 1295 4392 dere
1315 4341 1409 4403 dicitis,
1423 4345 1449 4392 et
1467 4343 1541 4407 qnasi
1553 4343 1613 4394 iram
1633 4357 1709 4406 quam
1722 4342 1793 4394 robis

1011 4451 1022 4474 ιι
1037 4432 1131 4483 remitti
1149 4434 1260 4498 cupitis,
1274 4435 1345 4485 nobis
1359 4435 1494 4486 remittatis
1506 4435 1632 4501 magnifiee
1643 4449 1672 4487 ac
1689 4436 1794 4501 superbe

1012 4541 1024 4565 ι
1036 4522 1182 4587 loquimini,
1198 4523 1378 4578 oonlundontos
1391 4527 1506 4578 veritatis
1519 4530 1631 4577 naturam
1643 4530 1668 4578 et
1681 4528 1743 4577 iuris
1753 4527 1793 4578 di-

1011 4636 1024 4659 ι
1039 4617 1158 4679 greitatem
1169 4624 1346 4681 pervertentes.
1382 4624 1432 4672 Vos
1447 4625 1530 4671 autem
1546 4620 1661 4671 iniuriam
1672 4635 1720 4671 non
1732 4621 1791 4684 pari,

1014 4729 1026 4753 ι
1041 4708 1083 4758 sod
1105 4707 1185 4760 facere
1214 4712 1257 4775 qui
1273 4714 1359 4764 mullis
1381 4718 1407 4765 et
1427 4716 1522 4779 anagnis
1540 4714 1665 4766 beneficiis
1686 4729 1701 4764 a
1722 4712 1793 4779 plebe

1011 4816 1023 4841 ι
1038 4793 1137 4856 allecti,
1154 4800 1246 4863 partim
1258 4800 1283 4850 in
1297 4799 1411 4854 libertate
1431 4803 1536 4866 tuenda,
1552 4803 1677 4867 partimin
1691 4801 1793 4866 imperio

1010 4905 1023 4929 ιι
1038 4885 1161 4950 parando,
1184 4887 1250 4938 band
1270 4890 1393 4953 egregiam
1416 4890 1520 4953 gratiam
1538 4893 1561 4942 ei
1582 4890 1732 4953 retuleritis,
1747 4904 1793 4940 eu·

1011 4994 1024 5019 ι
1038 4974 1108 5025 dite:
1122 4975 1199 5027 rerba
1212 4980 1296 5027 aulem
1316 4978 1406 5028 laoiam
1426 4978 1501 5029 ducto
1513 4980 1583 5031 initio
1598 4998 1613 5031 a
1629 4981 1714 5040 rebus,
1729 4993 1794 5044 quas

175 5071 187 5094 «
204 5043 263 5117 καὶ,
287 5046 351 5125 πρὸς
374 5051 457 5125 θεῶν,
481 5051 527 5109 ἐάν
549 5075 574 5111 τι
598 5052 691 5133 ψεῦδος
718 5050 797 5122 εἴποι,
821 5051 858 5130 μὴ
874 5054 954 5134 ἀνάσ-
1011 5085 1024 5109 ι
1038 5079 1084 5113 ros
1097 5065 1143 5129 ipsi
1157 5065 1240 5123 scitis,
1255 5068 1280 5114 ei
1296 5078 1342 5115 ros
1352 5080 1395 5124 per
1407 5068 1469 5119 deos
1481 5069 1630 5129 obsecro,si
1642 5067 1708 5133 qnod
1719 5082 1793 5122 meu·

175 5160 188 5186 ιι
201 5137 301 5212 χηοθε,
317 5136 377 5193 ἀλλ’
391 5137 464 5218 εὐθὺς
479 5139 611 5220 ἐλέγχετε.
1012 5173 1024 5196 ιι
1040 5154 1139 5206 dacium
1148 5155 1248 5213 dixere.
1267 5168 1298 5206 ue
1313 5154 1413 5219 ieratis,
1426 5155 1470 5208 sed
1483 5158 1612 5209 contestim
1628 5159 1743 5223 arguatis.

180 3741 192 3767 ιι
207 3715 380 3791 ἐπιμενοῦμεν
405 3712 465 3773 όποι
486 3713 546 3773 ποτ’
571 3713 602 3772 ἀν
627 3718 702 3791 ἡμᾶς
727 3715 779 3796 άγη
800 3717 831 3777 rb
853 3718 956 3800 χρεὼν,

180 3828 192 3854 ιι
205 3806 239 3880 τῇ
253 3801 321 3882 τύχῃ
341 3802 387 3862 καὶ
401 3803 523 3879 δαίμοσιν
537 3803 724 3884 ἐπιτρέψαντες
740 3807 876 3886 ἡγεμόσιν.
923 3812 956 3870 Εἰ

124 3926 152 3966 io
179 3915 192 3940 ιι
207 3889 233 3947 δέ
267 3890 432 3968 ἀδικούμενοι
455 3890 521 3973 πρός
544 3893 618 3969 ὑμῶν
644 3892 742 3966 ταύτης
766 3896 956 3972 ἠναγκάσμεθα

180 4003 192 4028 ιι
207 3983 254 4047 τῆς
270 3979 353 4056 τύχης
371 3983 548 4058 πειραθῆναι,
570 3983 597 4039 ἐν
609 3971 627 4059 ᾖ
639 3979 737 4058 ἐσμεν,
750 3982 777 4042 τέ
793 3984 843 4064 οὐχ
859 3987 955 4060 ὁμολο-

179 4091 192 4117 ιι
206 4065 275 4142 γεῖτε
301 4069 378 4126 κακοὶ
398 4068 459 4148 περὶ
480 4074 552 4146 ἡμᾶς
576 4066 649 4130 αὐτοὶ
672 4070 807 4149 γενόμενοι
840 4074 955 4150 συγγνού-

179 4183 191 4207 ιι
210 4177 261 4232 μης
274 4156 374 4214 δεῖσθαι
395 4159 440 4217 καὶ
463 4159 627 4236 ἀμνηστίαςς
648 4165 693 4219 νῦν
708 4161 752 4235 δέ,
767 4161 801 4233 ἣν
823 4165 951 4238 αἰτεῖσθε,

179 4271 191 4296 ιι
206 4244 305 4316 ταύτην
330 4245 428 4305 διδόναι
453 4247 557 4325 λέγετε,
581 4250 627 4309 καλ
652 4240 684 4322 ἧς
709 4254 831 4331 ἀφεῖσθαι
853 4256 955 4324 ζητεῖτε

180 4361 192 4386 ιι
206 4335 299 4414 ὀργῆς,
325 4333 423 4407 ταύτης
445 4339 481 4404 όες
505 4339 622 4418 ἀφιέντες
647 4341 865 4422 μεγαληγορεῖτε,
893 4367 955 4422 συγ·

179 4450 191 4475 ιι
208 4424 312 4502 χέοντες
332 4423 381 4495 τὴν
402 4427 449 4497 τῆς
473 4427 596 4499 ἀληθείας
616 4426 694 4509 φύσιν
717 4428 764 4488 καὶ
782 4428 830 4503 τὴν
846 4435 899 4491 τῶν
915 4435 956 4492 δι-

178 4540 190 4565 ιι
209 4513 289 4571 καίων
312 4512 417 4580 ἀξίωσιν
442 4517 660 4599 ἀναστρέφοντες.
703 4515 768 4580 Ὅτι
786 4519 813 4578 δὲ
835 4522 881 4580 ούκ
895 4524 954 4581 ἀδι-

177 4630 189 4656 ιι
205 4603 308 4678 κεῖσθε,
331 4604 388 4661 ἀλλ’
402 4604 531 4678 ἀδικεῖτε,
547 4608 594 4667 καὶ
606 4606 693 4667 πολλδι
707 4608 752 4668 καὶ
767 4609 871 4689 μεγάλα
884 4612 955 4690 εὗερ·

177 4719 189 4744 ιι
204 4692 356 4767 γετηθέντες
368 4690 420 4750 ύπδ
435 4697 481 4751 τοῦ
503 4695 604 4773 δήμου,
619 4696 653 4757 τά
677 4697 724 4776 μέν
740 4700 776 4765 εἰς
789 4699 838 4770 τὴν
851 4701 955 4760 ἐλευθε-

121 4803 148 4841 αο
176 4808 188 4833 ιι
205 4782 278 4859 ρίαν,
303 4781 334 4840 τὰ
360 4780 388 4839 δέ
409 4785 445 4848 εἰς
469 4781 516 4855 τὴν
533 4785 694 4862 ἡγεμονίαν,
711 4788 741 4845 ού
761 4786 955 4855 καλάςάποδε·

176 4895 188 4920 ιι
205 4871 304 4929 δύκοιτε
331 4872 403 4949 αὐτῷ
418 4872 465 4938 τὰς
485 4874 612 4949 ἀμοιόάς,
633 4873 745 4949 μάθετε·
766 4875 912 4949 ποιήσομαι
933 4877 955 4935 δ’

176 4981 188 5006 ιι
206 4957 249 5035 ἀφ’
273 4951 308 5018 ὧν
322 4958 380 5018 iore
402 4959 448 5018 καὶ
472 4962 546 5022 αὐτοὶ
572 4961 741 5040 πραγμάτων
765 4961 823 5032 τοὺς
846 4961 954 5044 λόγους,
