3772 5828
612 382 904 457 ANTIQUITATUM
926 392 1072 453 ROMAN.
1099 396 1171 455 LIB.
1195 398 1248 457 111.

1664 407 1719 464 tii

125 501 193 570 είδον
208 509 282 591 άφνω
295 509 396 580 πολλὴν
410 510 495 591 φλόγα
518 509 683 591 φερομένην,
697 519 896 597 συνδραμόντων
922 524 929 599 Ι
952 540 1082 599 conspecta
1094 537 1184 601 ingenti
1203 539 1317 599 llamma,
1328 552 1384 602 quae
1401 554 1433 590 ex
1443 540 1576 603 improviso
1589 547 1642 593 orta
1659 549 1720 598 erat.

126 599 169 658 ἐπί
182 598 228 669 τήν
251 600 373 677 βοήθειαν
392 600 436 656 καὶ
449 597 536 658 πάντα
558 606 755 679 μηχανωμένων
770 606 818 665 ὅσα
833 610 895 668 σόε·

125 687 218 766 στήρια
233 692 277 746 τοῦ
295 687 376 766 πυρός
390 678 433 759 ήν,
454 678 516 758 ήκεν
531 689 544 744 ό
559 690 704 769 Ταρκύνιος
718 695 778 771 περὶ
796 695 840 753 τὸν
852 697 894 774 ὄρ·

124 781 183 857 θρον
194 777 264 854 ἄγων
279 773 488 854 συντεταγμένην
502 776 551 846 τήν
570 776 714 856 Ῥωμαίων
727 782 837 861 δύναμιν
852 784 897 843 καὶ

51 889 53 892 ’
83 888 97 924 s
123 861 282 944 προσόαλών
300 863 402 943 θατέρῳ
420 863 528 943 χάρακι,
543 869 595 922 τῶν
612 865 658 942 μέν
679 868 808 929 πλείστων
824 873 897 931 ἐκλε-

122 951 253 1011 λοιπότων
264 951 310 1019 sd<
324 951 441 1032 φυλακάς
453 951 495 1010 διά
507 952 555 1023 τήν
568 953 611 1012 ἐπὶ
623 956 655 1014 τά
667 956 784 1033 καιόμεν’
799 960 895 1040 ὁρμήν,

123 1041 220 1117 ὀλίγων
233 1039 260 1098 δέ
273 1063 349 1097 τινων
373 1040 436 1118 πρὸς
455 1040 541 1110 ἀλκήν
561 1042 747 1120 τραπομένων,
766 1048 896 1128 ἐγκρατής

126 1127 206 1185 αὐτοῦ
220 1126 318 1205 γίνεται
340 1126 402 1206 δίχα
420 1124 509 1188 πόνου.
552 1126 599 1188 Ἐν
619 1119 640 1207 ᾧ
661 1130 687 1188 δὲ
710 1133 783 1191 ταῦτ’
798 1136 895 1215 ἐπράτ-

124 1238 184 1273 τετο
205 1216 291 1296 χρόνῳ
311 1215 412 1273 καὶτὸν
427 1215 514 1293 ἐτερον
527 1219 578 1274 τῶν
594 1217 717 1277 Σαύίνων
730 1221 837 1299 χάρακα
852 1224 895 1281 τὸν

71 1324 97 1362 so
124 1302 243 1363 ἐπέκεινα
266 1308 311 1362 τοῦ
325 1308 446 1380 ποταμοῦ
471 1305 590 1380 κείμενον
608 1305 683 1385 ἑτέρα
704 1308 813 1385 δύναμις
824 1309 896 1372 Ῥω-

124 1392 209 1469 μαίων
220 1394 357 1452 ίπελθοῦσ’
369 1391 447 1469 αίρεῖ,
459 1391 477 1462 ή
488 1392 691 1470 προαπέσταλτο
702 1395 751 1470 μέν
763 1396 812 1455 ὑπὸ
822 1398 897 1477 Ταρ-

123 1481 211 1539 κυνίου
224 1481 285 1558 περὶ
300 1485 403 1559 πρῶτον
419 1477 516 1552 ύπνον,
531 1480 675 1552 διεληλύθει
696 1481 723 1541 δέ
738 1483 782 1542 τὀν
798 1487 827 1543 ἐκ
840 1489 893 1547 τῶν

125 1568 193 1626 δυεῖν
203 1570 331 1646 ποταμῶν
347 1567 391 1626 ἐνα
402 1566 538 1646 γενόμενον
553 1570 579 1626 ἐν
593 1569 706 1649 σκάφαις
720 1572 765 1629 καί
779 1573 895 1650 σχεδίαις

124 1659 182 1714 καθ’
207 1655 221 1715 θ
241 1657 318 1736 μέρος
343 1653 517 1732 περαιουμένη
541 1656 666 1727 λήσεσθαι
686 1657 744 1725 τοὺς
765 1661 895 1729 Σαόίνους

72 1767 97 1804 rs
124 1744 230 1821 ἐμελλε,
245 1743 355 1816 πλησίον
372 1742 398 1801 δέ
423 1746 469 1814 τῆς
487 1743 576 1822 ἐτέρας
590 1745 702 1824 ἐγεγόνει
722 1748 893 1826 παρεμθολῆς

124 1828 182 1905 ἅμα
199 1832 237 1908 τῷ
263 1829 407 1888 θεάσασθαι
434 1828 482 1899 τήν
506 1830 619 1912 γέφυραν
643 1832 797 1909 καιομένην·
817 1841 894 1896 τοῦτο

123 1914 175 1994 γάρ
189 1908 221 1987 ήν
237 1917 303 1996 αὐτῇ
316 1916 345 1975 sd
357 1915 475 1992 σύνθημα
490 1921 535 1988 τῆς
547 1919 648 1999 ἐφόδου.
690 1921 750 1981 Τῶν
763 1922 787 1980 δ’
802 1924 828 1982 έν
842 1926 896 1993 τοῖς

120 2003 225 2083 ’χάραξι
249 2003 466 2085 καταληφθέντων
490 2008 515 2063 ol
538 2003 585 2082 μέν
608 2007 660 2067 ὑπὸ
674 2010 727 2067 τῶν
751 2008 895 2088 Ῥωμαίων

124 2091 269 2172 μαχόμενοι
280 2093 482 2171 κατεκόπησαν,
498 2097 522 2152 σί
538 2096 560 2152 δ’
578 2096 614 2163 εἷς
628 2095 676 2166 τήν
690 2098 826 2173 συμόολήν
842 2105 894 2160 τῶν

69 2203 96 2239 eo
122 2183 246 2258 ποταμῶν
260 2180 379 2262 ῥίψαντες
391 2183 498 2247 ίαυτοθς
511 2183 540 2240 οὗ
555 2182 703 2256 δυνηθέντες
717 2188 893 2268 ὑπερενεχθῆ-

125 2290 167 2326 ναι
185 2268 232 2335 τλς
254 2268 330 2336 δίνας
353 2270 548 2341 κατεπόθησαν·
572 2270 669 2351 ἐφθάρη
694 2273 721 2331 δέ
747 2299 786 2341 τις
810 2278 895 2336 αὐτῶν

120 2354 189 2433 μοῖρ’
202 2358 249 2415 odis
263 2357 340 2435 ὀλίγη
357 2359 402 2417 καί
421 2359 490 2416 κατδι
511 2358 560 2429 τὴν
575 2359 695 2436 βοήθειαν
717 2365 764 2432 τῆς
779 2363 893 2443 γεφύρας

119 2441 171 2500 tui
184 2449 231 2501 τοῦ
247 2450 337 2522 πυρός.
391 2443 491 2505 Audin
515 2446 538 2502 δ’
555 2448 569 2503 θ
592 2444 737 2525 Ταρκύνιος
758 2449 894 2529 ἀμφότερα

119 2529 389 2608 τθστρατόπεδοι,τθ
404 2532 451 2606 μὲν
467 2536 493 2590 ἐν
508 2533 596 2599 αὐτοῖς
610 2535 811 2614 καταληφθέντα
826 2540 893 2618 χρή·

66 2647 93 2685 25
122 2640 195 2691 ματα
211 2621 265 2684 τοῖς
280 2618 452 2697 στρατιώταις
472 2620 599 2700 ἐπέτρεψε
621 2619 822 2696 διανείμασθαι,
836 2625 894 2694 τοθς

121 2704 145 2761 δ’
161 2706 343 2782 αἰχμαλώτους
357 2709 466 2773 πολλοὺς
480 2709 551 2766 πάνυ
565 2707 640 2774 ὄντας
661 2708 782 2770 Σαὸίνων
804 2712 827 2770 τ’
842 2717 892 2774 αθ-

117 2795 170 2849 τῶν
196 2794 241 2853 καὶ
256 2797 398 2874 Τυρρηνῶν
423 2799 458 2864 εἰς
476 2795 586 2874 Ῥώμην
602 2795 707 2876 ἀγαγών
731 2798 773 2856 διά
795 2803 893 2877 πολλῆς

116 2870 172 2960 εἶχε
188 2884 315 2961 φυλακῆς.

156 2970 242 3032 LVII.
254 2969 419 3048 Σαθῑνοιμέν
431 2963 474 3031 σύν
488 2972 708 3054 ἐγνωσιμάχησαν
715 2973 764 3034 ὑπό
777 2978 822 3048 τῆς
831 2976 891 3037 τότε

59 3068 90 3111 ⁸⁰
117 3066 253 3139 συμφορᾶς
269 3057 430 3137 βιασθέντες,
449 3060 495 3118 καί
512 3061 672 3140 πρασθευτθς
691 3063 891 3132 ἀποστείλαντες

116 3146 212 3224 άνοχόις
233 3147 392 3220 ἐποιήσαντο
412 3153 457 3207 τοῦ
472 3150 589 3224 πολέμου
609 3149 756 3230 [σπονδάς]
769 3150 889 3221 ἑξαετεῖς·

114 3233 243 3311 Τυρρηνοί
264 3235 287 3291 δ’
305 3236 371 3314 όργῇ
390 3234 509 3316 φέροντες
527 3236 567 3295 ότι
580 3234 695 3308 ἥττηντό
708 3241 732 3295 θ’
749 3239 799 3297 ὑπὸ
814 3238 887 3297 Ῥω-

117 3321 201 3396 μαίων
216 3320 358 3394 πολλάκις,
378 3323 423 3379 καί
438 3323 477 3383 ότι
497 3322 557 3389 τούς
573 3323 757 3401 αἰχμαλώτους
776 3326 861 3392 αὐτοῖς
876 3330 890 3384 ὁ

115 3410 259 3489 Ταρκύνιος
279 3412 329 3470 οὐκ
348 3412 471 3470 άπιδίδου
496 3409 751 3488 πρεσόευσαμένοις,
774 3414 834 3472 ἀλλ’
861 3415 888 3472 ἐν

59 3509 88 3548 ³⁶
115 3498 221 3576 ὁμήρων
235 3499 341 3578 κατεῖχε
355 3497 425 3579 λόγῳ
432 3510 444 3571 ,“
458 3498 582 3579 ψήφισμα
597 3503 733 3558 ποιοῦνται
745 3499 831 3566 πάσας
842 3501 889 3568 τθς

116 3585 171 3640 τῶν
184 3586 325 3664 Τυρρηνῶν
339 3586 428 3652 πόλεις
444 3591 520 3667 κοινῇ
540 3587 585 3644 τὸν
599 3586 668 3646 κατά
682 3585 825 3662 Ῥωμαίων
838 3589 887 3648 πό·

115 3671 196 3747 λεμον
211 3672 334 3752 ἐκφέρειν,
349 3673 397 3744 τήν
409 3674 437 3734 δὲ
452 3675 489 3750 μή
505 3673 668 3750 μετέχουσαν
682 3679 727 3743 τῆς
750 3676 887 3753 στρατείας

116 3756 258 3818 ἔκσπονδον
277 3751 351 3823 εἶναι.
392 3763 476 3822 Ταῦτ’
499 3762 707 3839 ἐπικυρώσαντες
727 3760 818 3838 ἐξῆγον
840 3764 887 3832 τάς

115 3845 255 3922 δυνάμεις,
270 3848 463 3917 καὶδιαόάντις
478 3851 521 3909 τὸν
536 3848 648 3929 Τέόεριν
670 3851 753 3928 ἀγχοῦ
768 3848 888 3922 Φιδήνης

57 3944 85 3985 ⁴⁰
112 3933 229 3993 τίθενται
242 3935 275 3994 τά
289 3934 370 3998 όπλα.
412 3937 551 4016 Γενόμενοι
570 3937 597 3996 δέ
609 3939 656 4006 τῆς
677 3937 777 4002 πόλεως
790 3936 887 4012 ταύτης

112 4023 249 4106 ἐγκρατεῖς
267 4025 310 4084 διδ
327 4025 485 4105 προδοσίας,
504 4026 704 4084 στασιασάντων
723 4025 787 4106 πρὸς
803 4026 885 4098 άλλή·

110 4112 170 4177 λους
184 4115 235 4171 τῶν
250 4114 276 4171 ἐν
293 4114 378 4194 αύπῇ,
392 4112 439 4172 καί
449 4112 535 4172 πολλά
557 4113 604 4189 μέν
618 4112 729 4188 σώματα
742 4114 883 4189 λαθόντες,

109 4200 211 4270 πολλὴν
223 4201 250 4258 δέ
264 4201 338 4260 λείαν
352 4205 382 4261 ἐκ
397 4207 443 4274 τῆς
458 4201 599 4279 Ῥωμαίων
613 4201 703 4281 χώρας
725 4201 885 4276 ἐλαύνοντες,

110 4291 226 4361 ἀπῆλθον
242 4293 284 4349 ἐπ’
304 4290 375 4349 οίκου
399 4292 510 4371 φρουράν
536 4293 562 4350 ἐν
584 4295 618 4371 τῇ
645 4289 750 4368 Φιδήνῃ
774 4293 883 4349 καταλι·

54 4401 83 4439 ss
110 4378 203 4445 πάντες
220 4382 391 4458 ἀποχρῶσαν.
434 4379 510 4451 Αὕτη
524 4381 575 4458 γάρ
591 4385 607 4450 ἡ
624 4380 699 4445 πόλις
724 4379 884 4458 ὁρμητήριον

110 4466 197 4532 αὐτοῖς
210 4465 318 4525 ίσεσθαι
332 4465 471 4548 κράτιστον
486 4465 569 4525 ἐδόκει
587 4472 633 4524 τοῦ
656 4467 725 4524 κατὰ
740 4464 883 4542 Ῥωμαίων

108 4554 237 4631 πολέμου.
252 4554 380 4623 Βασιλεὺς
389 4554 417 4614 δέ
430 4554 574 4634 Ταρκύνιος
585 4557 620 4620 είς
631 4553 736 4612 τούπιὸν
746 4552 802 4620 ἔτος
813 4551 883 4615 Ῥω·

110 4640 203 4716 μαίσυς
219 4665 248 4700 τε
262 4643 416 4719 σύμπαντας
429 4644 591 4710 καθοπλίσας
603 4642 648 4701 καί
660 4640 734 4720 παρά
747 4645 800 4700 τῶν
814 4665 882 4720 συμ·

109 4728 203 4808 μάχων
210 4729 284 4797 ὅσους
294 4731 401 4791 ἐδύνατο
408 4730 546 4797 πλείστους
555 4727 731 4807 παραλαόὼν,
742 4728 831 4804 ἐξῆγεν
838 4730 882 4788 ἐπί

52 4835 84 4876 ⁸0
107 4816 167 4884 τοὺς
176 4818 316 4895 πολεμῶσι
333 4818 580 4899 ίαρσξάρχομένου,
592 4818 653 4895 πρὶν
664 4816 775 4881 ἐκείνους
786 4839 883 4897 συναχ·

109 4904 198 4972 θέντας
213 4905 239 4974 ἐξ
254 4908 364 4967 ἁπασῶν
378 4910 429 4967 τῶν
442 4906 542 4966 πόλεων
557 4907 598 4965 ἐπ’
607 4904 682 4962 atria
702 4907 737 4970 ὡς
757 4902 881 4982 πρότερον

108 4995 198 5053 ἐλθεῖν·
208 4995 254 5054 καί
268 4995 358 5056 διελών
373 4999 408 5063 είς
422 4997 467 5056 δύο
480 4996 571 5075 μοίρας
581 4993 687 5053 ἅπασαν
699 4992 746 5065 τήν
759 4992 880 5068 δύναμιν,

108 5084 154 5152 τῆς
166 5080 214 5158 μέν
225 5081 379 5158 Ῥωμαῖκῆς
391 5093 513 5165 στρατιᾶς
528 5081 603 5149 αὐτὸς
619 5082 761 5159 ἡγούμενος
774 5080 818 5138 ἐπί
834 5077 880 5143 τθς

109 5168 195 5236 πόλεις
208 5172 261 5229 τῶν
279 5174 423 5252 Τυρρηνῶν
435 5171 616 5252 ¹torpuissent,
636 5174 683 5243 τῆς
698 5168 724 5228 δέ
740 5191 879 5248 συμμαχι-

190 5287 307 5328 prossus.

952 633 1131 684 concurrissent
1142 637 1169 683 ut
1178 639 1255 698 ponti
1265 649 1336 699 opem
1348 637 1453 698 terrent,
1469 651 1574 700 cumque
1587 639 1668 688 omnia
1680 656 1720 690 re·

951 729 1047 789 media,
1072 743 1129 793 quse
1149 730 1229 795 ignem
1256 734 1368 794 poterant
1390 733 1561 796 exstinguere,
1586 735 1722 797 experiren-

951 827 1001 884 tur,
1021 828 1165 891 Tarquinius
1188 829 1235 879 sub
1247 830 1381 880 diluculum
1403 832 1552 885 matutinum
1575 833 1641 883 veuit
1664 848 1720 884 cum

951 926 1114 976 Romanorum
1152 928 1261 977 exercitu
1297 929 1433 986 instructo,
1462 934 1488 980 et
1518 931 1598 980 altera
1622 931 1722 981 adortus

950 1024 1045 1084 castra,
1072 1038 1129 1088 qum
1151 1025 1256 1075 maxima
1292 1041 1348 1090 pars
1372 1028 1541 1078 custodiarum
1563 1027 1720 1088 deseruerat,

951 1119 1018 1182 quod
1050 1120 1080 1171 ad
1117 1122 1256 1172 incendium
1292 1125 1495 1187 exstinguendum
1521 1125 1719 1183 concurrissent,

950 1229 1007 1266 cum
1027 1219 1098 1281 pauci
1108 1219 1207 1283 quidam
1219 1221 1250 1271 ad
1266 1221 1316 1270 vim
1328 1222 1516 1286 propulsandam
1537 1236 1565 1274 se
1581 1227 1719 1283 uerterent,

950 1313 1002 1364 sine
1013 1313 1094 1364 lubore
1104 1315 1152 1364 illis
1164 1316 1257 1378 potitus
1275 1321 1323 1366 est.
1344 1319 1409 1366 Dum
1429 1322 1512 1368 autem
1527 1318 1718 1383 hsecgeruutur,

950 1408 1131 1474 alteraquoque
1142 1410 1286 1460 Sabinorum
1297 1415 1378 1462 castra
1388 1450 1394 1472 ,
1404 1425 1460 1476 quse
1470 1416 1538 1463 erant
1548 1417 1616 1465 trans
1629 1416 1720 1467 llumeu

950 1507 1043 1568 posits,
1065 1506 1119 1556 alie
1145 1510 1307 1560 Romanorum
1327 1510 1405 1574 copim
1426 1525 1546 1575 eggressae
1569 1515 1721 1575 ceperuuts

949 1605 1082 1666 Tarquinio
1097 1605 1162 1654 circa
1178 1606 1278 1668 primam
1299 1607 1405 1670 uigiliam
1425 1610 1558 1672 prtsmissse
1579 1613 1605 1659 et
1623 1610 1721 1674 scaphis

949 1703 974 1749 et
992 1702 1088 1752 ratibus
1103 1704 1265 1753 confluentem
1283 1707 1454 1768 transgressos,
1474 1719 1523 1769 qua
1539 1719 1565 1756 se
1577 1707 1639 1756 clam
1649 1706 1719 1757 Sabi·

949 1799 988 1848 nis
1009 1798 1080 1849 facile
1100 1801 1245 1849 transituros
1267 1801 1403 1863 putalmnt:
1424 1801 1457 1851 ad
1473 1804 1549 1852 altera
1569 1805 1651 1856 aulem
1677 1817 1717 1853 sa·

950 1905 1002 1952 stra
1013 1906 1164 1955 accesserant
1177 1904 1325 1966 simulatque
1334 1909 1434 1968 pontem
1445 1906 1570 1956 incensum
1584 1921 1713 1972 conspexe-

949 2005 1023 2052 runt:
1037 2002 1084 2052 hoc
1097 2000 1161 2051 cuim
1174 2001 1222 2051 illis
1236 2000 1321 2051 datum
1331 2004 1383 2052 erat
1396 2002 1526 2052 invadendi
1540 2003 1644 2068 signum.
1669 2006 1719 2063 Qui

948 2115 1009 2152 vero
1030 2101 1154 2152 incastris
1175 2101 1319 2165 deprehensi
1335 2104 1417 2164 orant,
1442 2101 1531 2166 partim
1551 2107 1720 2166 pufflmlosa

949 2202 1065 2252 nomenis
1084 2200 1174 2249 concisi
1193 2202 1260 2258 sunt,
1284 2198 1372 2262 purtim
1386 2211 1413 2247 se
1434 2197 1459 2248 in
1479 2198 1641 2249 eoutluentem
1659 2212 1718 2262 pro·

947 2300 1057 2360 icientes,
1069 2312 1127 2349 cum
1141 2311 1189 2348 non
1205 2299 1306 2361 possuit
1323 2296 1429 2346 vortices
1449 2308 1579 2360 superare,
1593 2295 1626 2347 ad
1642 2301 1718 2360 cquis

947 2398 1005 2447 suut
1015 2395 1122 2460 absorpti
1137 2408 1200 2445 :non
1208 2394 1311 2444 minima
1320 2393 1394 2443 etiam
1403 2405 1490 2443 eorum
1499 2406 1564 2456 pars,
1575 2392 1634 2445 dnm
1647 2407 1718 2458 opem

946 2495 1013 2558 ponti
1028 2495 1116 2554 terret,
1128 2492 1240 2542 inccndio
1252 2492 1382 2555 absumpts
1396 2493 1442 2540 est.
1474 2490 1622 2553 Tarquinius
1636 2494 1718 2541 autem

946 2592 1025 2655 ceptis
1038 2591 1148 2655 utrisque
1165 2589 1253 2640 castris
1278 2587 1386 2652 praedsm
1404 2586 1429 2636 in
1448 2586 1508 2650 ipsis
1528 2587 1652 2636 divertam
1669 2585 1718 2634 nri·

945 2685 1030 2736 litibus
1043 2685 1181 2744 concessit,
1196 2688 1225 2734 ut
1240 2697 1295 2733 eam
1319 2683 1383 2733 iuter
1394 2696 1421 2733 se
1441 2682 1587 2740 dividerent,
1609 2682 1718 2745 captivos

946 2797 1019 2844 vcro,
1028 2796 1133 2847 quorum
1149 2780 1271 2831 maximus
1280 2783 1333 2830 erat
1345 2793 1463 2830 numerus
1472 2782 1497 2829 et
1508 2793 1540 2828 ss
1549 2779 1644 2828 sabinis
1655 2777 1717 2842 ipsis

945 2884 971 2930 et
988 2878 1111 2939 Etruscis,
1126 2882 1228 2928 Romam
1242 2877 1330 2927 ductos
1342 2876 1470 2940 diligenter
1480 2874 1623 2924 custodivit.

975 2987 1051 3037 LVll.
1066 2985 1169 3036 Sabinos
1182 2986 1295 3050 igiturest
1312 2984 1381 3034 clade
1401 2984 1492 3032 tractos
1508 2983 1566 3032 lacti
1578 2982 1716 3047 pestilentis

945 3105 1025 3171 cepit,
1035 3110 1061 3156 et
1074 3105 1157 3156 missis
1170 3105 1256 3169 legetis
1276 3102 1385 3153 indutias
1399 3105 1425 3152 et
1444 3101 1525 3151 loedus
1539 3102 1563 3151 in
1578 3117 1621 3152 ses
1640 3117 1717 3154 annos

945 3223 1065 3273 iecerunt.
1086 3224 1117 3272 st
1126 3222 1224 3272 Etrusci
1233 3221 1331 3283 indiguis
1344 3220 1449 3270 sereniss
1458 3233 1485 3270 sc
1498 3221 1593 3269 totiesa
1603 3221 1717 3271 Romanis

942 3338 1036 3398 victos,
1052 3341 1105 3388 eta
1124 3336 1256 3401 Tarquinio
1268 3335 1355 3397 legatis
1369 3333 1422 3384 suis
1437 3334 1547 3398 captivos
1565 3348 1612 3383 non
1621 3337 1716 3394 restitui,

943 3456 988 3506 scd
1002 3454 1115 3506 obsidum
1125 3455 1179 3504 loco
1197 3452 1309 3513 retineri,
1323 3452 1494 3512 decreverunt,
1508 3455 1631 3503 utomues
1640 3451 1715 3501 Etru-

943 3588 1041 3625 scorum
1055 3573 1138 3637 popuii
1154 3573 1278 3622 communi
1287 3571 1387 3621 consilio
1400 3572 1491 3622 bellum
1508 3568 1623 3620 Romanis
1642 3568 1717 3619 inter-

942 3695 1009 3751 rent,
1025 3693 1051 3742 et
1063 3690 1182 3755 quiillius
1198 3689 1361 3754 expeditionis
1374 3688 1515 3740 societatem
1533 3687 1683 3747 recusasset,
1693 3693 1714 3743 in

941 3808 1007 3856 esset
1019 3817 1106 3868 expers
1127 3801 1233 3852 sederis.
1249 3803 1294 3852 liis
1308 3801 1414 3852 decretis
1429 3800 1512 3864 copias
1523 3798 1677 3858 eduxerunt,
1690 3802 1716 3849 et

940 3925 1021 3976 Tiberi
1033 3924 1136 3974 traiecto
1155 3934 1231 3986 prope
1243 3921 1347 3971 Fidenas
1361 3923 1441 3969 castra
1458 3919 1602 3983 posuerunt.
1641 3912 1716 3964 i’otitl

939 4040 1024 4089 autem
1034 4037 1081 4087 hoc
1090 4035 1151 4085 urbe
1160 4047 1204 4098 per
1211 4031 1369 4097 proditionem
1375 4033 1431 4080 orta
1441 4029 1503 4079 inter
1511 4027 1578 4078 cives
1583 4027 1713 4085 seditione,

940 4157 966 4204 et
974 4151 1059 4202 multis
1072 4147 1211 4198 hominibus
1223 4145 1303 4209 captis
1313 4149 1338 4194 et
1348 4141 1441 4208 ingenti
1450 4140 1534 4206 prada
1546 4153 1576 4191 er
1585 4153 1644 4204 agro
1662 4140 1713 4189 lto·

939 4277 1012 4313 mano
1024 4261 1119 4322 abacis
1129 4259 1231 4310 domum
1243 4257 1369 4307 redierunt
1379 4293 1384 4315 ,
1395 4253 1511 4318 presidio
1521 4253 1582 4303 satis
1593 4253 1664 4302 lirmo
1672 4251 1712 4300 ii-

938 4373 1008 4425 deuis
1019 4372 1111 4422 relicto.
1132 4373 1192 4420 lieo
1204 4368 1269 4419 enim
1283 4366 1343 4416 urbs
1351 4365 1485 4416 videbatur
1491 4363 1552 4430 ipsis
1568 4360 1714 4413 commodis·

938 4487 1000 4537 sima
1009 4484 1080 4536 sedes
1091 4483 1148 4534 belli
1159 4485 1244 4532 contra
1254 4483 1376 4530 Romanos
1387 4480 1447 4529 tore.
1461 4479 1546 4529 Atrox
1555 4474 1713 4538 Tarquinius,

937 4611 1001 4648 anno
1019 4595 1133 4660 sequenti
1155 4592 1271 4642 omnibus
1291 4588 1388 4640 civibus
1409 4589 1524 4639 Romanis
1546 4585 1661 4646 armatis,
1682 4584 1709 4633 ct

936 4710 1072 4775 assumptis
1093 4708 1214 4758 sociorum
1236 4704 1334 4756 auxiliis
1367 4706 1459 4766 quauta
1488 4698 1594 4750 maxima
1615 4695 1710 4761 potuit,

936 4829 1033 4879 ineunte
1048 4837 1106 4874 vere
1124 4823 1150 4871 iu
1164 4819 1249 4871 hostes
1269 4819 1393 4882 proiectus
1403 4820 1456 4873 est,
1475 4814 1619 4877 priusquam
1633 4808 1709 4858 illies

935 4940 1049 4992 omnibus
1068 4936 1213 4988 civitatibus
1222 4933 1362 4985 coniunctis
1377 4930 1475 4980 utente
1491 4926 1567 4990 copiis
1580 4926 1667 4974 contra
1680 4936 1707 4974 se

935 5055 1040 5113 exirent,
1053 5051 1155 5114 totoque
1166 5047 1276 5099 exercitu
1289 5046 1315 5094 in
1330 5043 1393 5092 duas
1405 5041 1486 5103 partes
1499 5036 1579 5086 diviso
1594 5036 1647 5100 ipse
1658 5039 1708 5088 llo·

936 5182 1023 5222 manas
1032 5168 1114 5232 copias
1125 5163 1240 5225 ducebat,
1250 5159 1403 5213 etsociorum
1415 5151 1521 5217 auxiliis,
1534 5166 1591 5218 que
1600 5153 1709 5202 maxima

1588 5252 1616 5297 tr
