3772 5828
582 356 873 434 nerQUlraTunl
895 355 1041 416 ROMAN.
1064 356 1136 415 Llss.
1160 355 1210 415 lV.

99 503 152 560 τῶν
173 497 342 580 στρατιωτῶν
356 491 402 555 καί
423 491 697 568 κατασκευασαμένων
711 490 742 549 τὸ
766 488 877 569 στρατό-

101 590 179 647 πεδον
193 590 229 654 ὡς
245 581 327 663 μηδδν
339 581 471 663 διαφέρειν
487 582 603 647 πόλεως·
620 578 751 657 Κιρκαίαν
767 577 794 636 δὲ
807 574 876 634 κατδι

102 671 297 754 λογισμὸν,’δτι
312 676 359 731 τοῦ
382 669 553 748 Πωμεντίνου
574 666 664 728 πεδίου
683 665 807 744 μεγίστου
826 666 877 722 τῶν

99 765 209 846 περίτῇ
222 761 323 841 λατίνη
337 759 384 819 καλ
407 763 455 830 τῆς
468 754 649 826 συναπτούσης
660 757 730 834 αὐτῷ
748 752 879 822 θαλάττης

58 879 73 915 ο
102 851 178 915 ἔκειτ’
189 857 216 913 ἐν
225 853 308 931 καλῷ·
316 851 373 910 έστι
383 847 410 909 δέ
421 843 635 930 χερσονησοειδὴς
649 845 775 911 σκόπελος
782 841 880 924 ὑψηλὸς

102 945 225 1009 ἐπιεικῶς
235 940 279 1001 ἰπὶ
289 946 335 1001 τοῦ
346 940 510 1019 Τυρρηνικοῦ
524 933 653 1015 πελάγους
667 933 802 1011 κείμενος,
818 930 879 990 ἔνθα

103 1034 179 1112 λόγος
190 1032 245 1110 ἔχει
267 1028 367 1106 Κίρκην
381 1027 429 1098 τλν
442 1023 535 1086 Ἡλίου
559 1023 689 1102 θυγατέρα
710 1025 879 1091 κατοικῆσαι·

104 1123 150 1182 καὶ
159 1120 206 1188 τθις
219 1117 341 1184 ἀποικίας
352 1113 501 1195 ἀμφοτέρας
511 1111 569 1173 δυσί
578 1115 630 1170 τῶν
645 1112 746 1170 παίδων
754 1114 882 1175 οἰκισταῖς

51 1233 54 1237 ’
105 1210 218 1281 ἀναθεὶς,
230 1205 359 1285 Κιρκαίαν
371 1204 418 1281 μίν
428 1200 560 1282 Ἄρροντι,
576 1199 685 1278 Σιγνίαν
693 1199 721 1258 δέ
731 1200 815 1277 Τίτῳ,
826 1197 882 1263 δέος

51 1317 79 1354 10
106 1298 146 1357 ἅτ’
170 1295 243 1357 οὐδέν
268 1296 307 1355 ίτι
330 1291 391 1372 περὶ
410 1295 457 1363 τῆς
479 1293 564 1371 ἀρχῆς
589 1289 674 1369 έχων,
699 1286 741 1347 διλι
760 1285 882 1364 γυναικὸς

106 1389 181 1468 θόρεν
194 1389 334 1467 γαμετῆς,
349 1383 383 1455 ῆν
397 1385 411 1440 θ
427 1379 607 1461 πρεσῦιίτατος
620 1380 701 1437 αὐτοῦ
715 1380 767 1435 τῶν
781 1376 882 1436 παίδων

107 1477 201 1547 Σέξτος
218 1474 376 1555 διέφθειρεν,
392 1468 555 1539 ἐξελαύνεται
571 1471 619 1539 τῆς
641 1470 665 1524 τ’
681 1467 765 1547 ἀρχῆς
779 1465 884 1536 καὶτῆς

106 1566 220 1640 πόλεως,
231 1559 453 1642 προθεσπίσαντος
468 1559 539 1637 αὐτῷ
552 1560 600 1614 τοῦ
615 1556 750 1631 δαιμονίου
762 1552 810 1624 τήν
823 1554 884 1631 μίλ·

107 1655 205 1712 λουσαν
218 1649 375 1729 γενήσεσθαι
397 1645 457 1726 περὶ
472 1644 516 1704 τδν
535 1635 604 1703 οἶκον
620 1641 767 1724 συμφοράν,
779 1641 885 1710 πολλοῖς

55 1763 81 1803 ra
109 1741 156 1819 μὲν
168 1743 214 1801 καὶ
229 1738 318 1804 ἄλλοις
331 1738 446 1813 οἰωνοῖς,
462 1732 604 1813 τελευταίῳ
625 1730 653 1791 δέ
673 1736 752 1813 τῷδε.
796 1731 886 1792 Αίετοί

109 1829 239 1895 συνιόντες
255 1829 290 1894 εἷς
301 1825 346 1885 τὸν
359 1823 552 1906 παρακείμενον
568 1822 622 1889 τοῖς
644 1822 785 1903 βασιλείοις
801 1826 885 1895 κῆπον

110 1921 188 1997 ἔαρος
208 1915 280 1997 ὥρῳ,
296 1913 413 1974 νεοττιάν
438 1913 566 1971 ἔπλαττον
588 1910 632 1969 ind
654 1914 755 1992 κορυφῇ
775 1911 888 1993 φοίνικος

112 2007 223 2087 ὑψηλοῦ.
267 2004 375 2065 Τούτων
392 2002 420 2062 δέ
443 2004 495 2060 abiu
519 2003 613 2060 citarier
628 2004 746 2072 ἀπτῆνας
767 2001 808 2059 ίτι
828 2000 888 2070 τοὺς

111 2093 230 2162 νεοττοὺς
244 2094 375 2174 ἐχόντων,
390 2094 471 2168 γῦπες
485 2091 574 2170 ἀθρόοι
584 2089 826 2171 προσπετασθέντες
838 2090 887 2162 τήν

56 2194 86 2233 2⁰
111 2208 139 2243 τε
155 2181 273 2243 νιοττιδιν
285 2179 442 2263 διεφόρησαν
452 2178 497 2237 καλ
510 2177 570 2245 τοὺς
584 2175 704 2244 νεοττούς
719 2177 887 2251 ἀπέκτειναν,

112 2271 225 2338 καὶτοὺς
239 2268 339 2336 αἷετοθς
348 2266 504 2346 προσιόντας
517 2266 570 2326 ἀπδ
581 2270 628 2336 τῆς
642 2270 723 2341 νομῆς
731 2266 889 2342 ἀμύττοντές

111 2384 142 2420 τε
163 2361 208 2419 καί
221 2357 343 2426 παίοντες
358 2364 412 2423 τοῖς
435 2357 542 2431 ταρσοῖς
554 2353 608 2412 ἀπὸ
632 2359 676 2413 τοῦ
692 2352 805 2434 φοίνικος
820 2357 889 2426 ἀπή·

113 2452 210 2509 λασαν.
252 2446 369 2511 Τούτους
383 2442 444 2510 τοῦς
461 2441 566 2509 οἰωνούς
580 2441 641 2501 ἰδὼν
657 2445 671 2499 θ
686 2442 833 2520 Ταρκύνιος
845 2443 891 2501 καὶ

114 2535 325 2618 φυλαττόμενος,
348 2532 372 2591 εί
397 2554 453 2598 πως
482 2530 587 2588 δύναιτο
612 2529 818 2607 διακρούσασθαι
845 2531 891 2602 τήν

59 2645 89 2684 2⁵
118 2634 231 2704 μοῖραν,
248 2626 296 2681 οὐκ
313 2622 408 2701 ἴσχυσε
425 2622 533 2688 νικῆσαι
557 2619 586 2676 τὸ
601 2617 704 2699 χρεὼν,
726 2618 784 2678 ἀλλ’
809 2621 892 2680 ἀπιθε·

119 2711 205 2789 μένων
218 2711 290 2789 αύτῷ
303 2711 355 2777 τῶν
368 2708 513 2786 πατρικίων
528 2706 627 2764 καὶτοῦ
642 2706 725 2781 δήμου
740 2710 894 2787 συμφρονή·

118 2821 212 2864 σαντος
225 2796 331 2864 ἐξέπεσε
343 2799 391 2866 τῆς
402 2792 564 2861 δυναστείας.
607 2795 643 2852 Oi
656 2816 723 2860 τινες
742 2793 766 2852 δ’
775 2787 842 2866 ἦσαν
869 2800 893 2857 oi

117 2893 164 2962 τῆς
180 2884 383 2950 ἀπαναστάσεως
396 2880 532 2963 ἄρξαντες,
547 2882 592 2941 καὶ
604 2884 637 2942 δι’
652 2880 713 2940 οίων
729 2881 833 2962 τρόπων
846 2875 894 2958 ήλ-

118 2981 161 3035 θον
177 2973 220 3032 {ni
245 2973 279 3031 τὰ
293 2971 454 3053 πράγματα,
474 2970 506 3028 δι’
520 2969 615 3050 ὀλίγων
640 2970 802 3050 πειράσομαι
827 2973 895 3035 διελ·

63 3083 91 3122 30
117 3069 181 3123 θεῖν.

159 3152 261 3213 LXIV.
285 3147 343 3219 Τὴν
367 3147 511 3229 Ἀρδεατῶν
525 3147 601 3208 πόλιν
615 3152 629 3207 ὁ
643 3148 790 3230 Ταρκύνιος
803 3153 896 3211 έπολέ·

120 3264 179 3318 μει,
201 3238 330 3319 πρόφασιν
357 3235 406 3313 μέν
424 3236 592 3314 ποιούμενος,
615 3237 656 3297 ὅτι
669 3236 728 3304 τοὺς
742 3241 773 3298 ἐκ
786 3238 895 3317 Ῥώμης

119 3331 237 3410 φυγάδας
247 3323 391 3406 ὑπεδέχετο
406 3325 452 3385 καὶ
467 3325 643 3407 συνέπραττεν
663 3329 750 3394 αθτοῑς
772 3330 833 3408 περὶ
848 3352 895 3387 κα-

120 3418 207 3477 θόδου·
222 3420 257 3483 ὡς
271 3414 299 3474 δί
319 3415 431 3486 τάληθὲς
451 3404 538 3495 εἶχεν,
551 3412 732 3492 ,ίπιῦουλεύων
753 3416 821 3496 αὐτῇ
852 3418 895 3476 διὰ

64 3528 92 3568 ιο
119 3507 165 3565 τὸν
190 3507 301 3563 πλοῦτον
326 3505 515 3580 εὐδαιμονούσῃ
538 3504 655 3581 μάλιστα
673 3506 725 3562 τῶν
751 3507 777 3562 έν
792 3507 895 3586 Ἰταλίφι

120 3595 236 3652 πόλεων.
278 3592 405 3657 Ιίνναίως
416 3590 503 3650 δὲτῶν
514 3591 659 3671 Ἀρδεατῶν
671 3594 895 3671 ἀπομαχομένων,

122 3682 169 3740 καλ
191 3679 365 3759 πολυχρονίου
382 3683 428 3750 τῆς
442 3680 593 3758 πολιορκίας
607 3680 758 3758 γενομένης,
780 3679 807 3738 σί
815 3681 839 3739 τ’
853 3683 896 3742 ἐπί

121 3775 168 3829 τοῦ
184 3768 360 3847 στρατοπέδου
372 3769 513 3844 κάμνοντες
528 3769 613 3850 έπὶτῇ
627 3768 706 3848 τριῦῇ
720 3774 765 3828 τοῦ
780 3770 897 3848 πολέμου

121 3858 167 3919 καὶ
181 3860 204 3916 oi
219 3854 287 3916 κατίι
301 3858 378 3916 πόλιν
391 3857 561 3937 ἀπειρηκότες
575 3866 631 3925 ταῖς
647 3860 779 3939 εἰσφοραῖς
796 3860 896 3937 ἕτοιμοι

65 3971 94 4010 ιο
119 3947 185 4028 πρὸς
200 3946 345 4006 ἀπόστασιν
358 3936 443 4019 ἦσαν,
454 3947 478 4004 εί
491 3968 531 4013 τις
543 3945 613 4027 ἀρχή
628 3946 737 4023 γένοντο.
779 3947 827 4011 Ἐν
839 3950 897 4011 τού.

119 4060 159 4118 τῳ
173 4033 206 4106 δὴ
220 4038 258 4114 τῷ
278 4039 363 4116 καιρῷ
379 4034 483 4108 Σέξτος,
497 4037 511 4093 ὁ
531 4035 711 4115 πρεσῦύτατος
724 4041 776 4097 τῶν
792 4041 897 4120 Ταρκυ·

121 4125 176 4184 νέου
190 4124 303 4201 παίδων,
319 4123 478 4192 ἀποσταλεὶς
503 4121 553 4181 ὑπὸ
575 4129 621 4184 τοῦ
638 4126 736 4206 πατρὸς
751 4128 786 4195 είς
800 4129 894 4205 πόλιν,

120 4211 139 4284 ἣ
164 4215 285 4271 ίκαλεῖτο
311 4211 478 4283 Κολλάτεια,
502 4212 593 4293 χρείας
624 4214 696 4283 τινθς
724 4217 897 4297 ὑπηρετήσων

120 4301 324 4381 στρατιωτικάς,
341 4300 404 4378 παρ’
427 4299 501 4379 ἀνδρί
515 4305 634 4382 κατήχθη
654 4312 773 4382 συγγενεῖ
793 4306 897 4387 Λευκίῳ

68 4417 95 4457 la
119 4387 260 4469 Ταρκυνίῳ
277 4393 314 4468 τῷ
342 4387 496 4469 Κολλατίνῳ
522 4393 786 4473 προσαγορευομένῳ.
827 4397 894 4455 Τοῦ·

121 4501 165 4536 τον
180 4476 224 4536 τὸν
240 4476 321 4557 ἀνδρα
337 4476 441 4544 drudro<
456 4477 503 4554 μέν
519 4481 572 4538 υἱὸν
588 4470 655 4540 εἶναί
671 4505 750 4564 φησιν
766 4481 898 4563 Ἠγερίου,

122 4567 183 4644 περὶ
198 4555 227 4623 οῦ
242 4565 380 4636 δεδήλωκα
394 4565 536 4644 πρότερον,
560 4565 600 4626 δτι
614 4571 756 4652 Ταρκυνίῳ
780 4574 818 4651 τῷ
833 4594 898 4651 προ-

121 4651 191 4733 τέρῳ
212 4653 396 4730 βασιλεύσαντι
422 4653 563 4730 Ῥωμαίων
591 4657 750 4739 ἀδελφόπαις
775 4649 825 4732 ῆν,
853 4658 899 4720 καί

124 4741 288 4810 Κολλατείας
308 4742 417 4820 ήγεμδιν
441 4744 606 4823 ἀποδειχθεὶς
629 4746 681 4804 ἀπὸ
702 4751 749 4819 τῆς
767 4750 794 4805 ἐν
812 4748 898 4827 ίκείνῃ

69 4867 96 4907 w
121 4835 156 4911 τῆ
169 4828 245 4888 πόλει
259 4828 394 4909 διατριόῆς
406 4830 484 4900 αθτός
497 4855 527 4891 τε
543 4835 703 4901 Κολλατῖνος
723 4836 837 4908 έκλήθη,
853 4835 899 4896 καί

122 4926 176 4985 τοῖς
191 4918 302 4994 ἐγγόνοις
314 4917 357 5000 ἀφ’
372 4923 466 4978 ἑαυτοῦ
480 4918 528 4991 τήν
544 4921 625 4994 αὐτὴν
639 4921 778 4982 κατέλιπεν
792 4923 900 4993 ἐπίκλη-

124 5029 179 5065 σιν·
202 5004 255 5082 ἐγὼ
274 5006 302 5064 δέ
326 5007 371 5065 καὶ
393 5012 485 5067 τοῦτον
508 5007 599 5068 υίωνδν
624 4999 689 5068 είναι
709 5016 755 5069 τοῦ
778 5008 901 5088 Ἠγερίου

124 5095 264 5171 πείθομαι,
278 5092 302 5154 εί
314 5117 344 5171 γε
359 5094 408 5164 τήν
422 5094 506 5168 αὐτὴν
527 5086 581 5175 εἶχε
596 5098 648 5163 τοῖς
669 5097 819 5174 Ταρκυνίου
833 5120 899 5154 παι-

125 5183 166 5242 σὶν
180 5185 301 5261 ἡλικίαν,
322 5188 358 5251 ὡς
373 5182 478 5253 ordino<
491 5207 520 5243 τε
543 5185 588 5244 καὶ
603 5188 626 5245 οἱ
641 5186 728 5245 λοιποὶ
743 5193 901 5266 συγγραφεῖς

203 5301 316 5340 οιοιιιειι.

1654 365 1709 426 ull

930 495 992 546 urbe
1007 491 1150 555 dilierrenl)
1173 492 1283 543 Circeios
1298 504 1357 541 vero
1380 493 1449 540 certo
1463 491 1579 549 consilio,
1600 492 1666 556 quod
1686 493 1710 542 ts

930 606 1000 658 locus
1011 605 1082 656 ratde
1104 607 1257 667 opportunus
1282 607 1362 662 esset,
1375 603 1407 652 ad
1429 615 1529 665 campos
1541 602 1709 666 Pomeatinos,

932 717 975 781 qui
986 717 1096 767 omniurn
1113 728 1256 779 camporum
1270 713 1323 776 agri
1337 713 1416 763 Latini
1428 718 1488 764 sunt
1507 714 1608 764 marinii
1630 727 1708 763 mare-

933 838 981 890 que
1001 825 1142 887 contiguum
1157 822 1317 872 obtinendum
1327 841 1333 882 ;
1344 826 1383 871 esl
1395 826 1479 872 aulem
1491 836 1566 887 rupes
1582 824 1660 873 instar
1672 835 1713 887 pe

933 929 1038 979 ninsulae
1059 927 1154 979 modice
1173 927 1270 977 excelsa
1291 926 1314 975 in
1336 926 1399 976 mari
1418 927 1560 990 Tyrrheno,
1578 929 1619 979 ubi
1641 928 1714 979 Circe

934 1036 997 1086 solis
1012 1035 1061 1084 lilia
1081 1032 1206 1085 habitasse
1227 1033 1313 1090 tertur.
1331 1035 1358 1081 et
1376 1047 1433 1082 cum
1448 1034 1492 1083 tras
1508 1034 1594 1084 ambas
1605 1034 1714 1085 colonias

934 1138 1033 1190 duobus
1061 1138 1113 1189 suis
1139 1137 1194 1188 siliis
1226 1136 1394 1186 conditoribus
1421 1138 1580 1203 assignasset,
1603 1141 1713 1192 Circeios

937 1248 1035 1309 trunti,
1047 1247 1155 1311 Signiam
1164 1248 1229 1308 lito,
1239 1246 1271 1297 de
1282 1261 1356 1311 regno
1367 1249 1415 1299 iarn
1427 1264 1541 1307 securus.
1551 1252 1584 1302 ob
1597 1253 1712 1302 violatam

937 1353 1081 1418 pudicitiam
1107 1358 1226 1403 rnarronre
1248 1352 1388 1414 cuiusdam,
1404 1370 1479 1420 quam
1500 1359 1587 1407 serlus
1611 1359 1714 1409 tiliorum

937 1459 996 1506 natu
1008 1455 1133 1506 maximus
1148 1459 1289 1521 stuprurat,
1306 1471 1381 1523 regno
1401 1462 1427 1508 et
1439 1460 1500 1510 urbe
1512 1461 1585 1510 simul
1600 1463 1717 1525 expulsus

938 1564 977 1610 cst
995 1580 1001 1610 :
1021 1572 1036 1609 a
1058 1558 1106 1609 deo
1122 1560 1153 1610 de
1168 1561 1251 1612 lutura
1264 1562 1362 1613 lanriliae
1383 1565 1524 1616 calamitate
1543 1568 1716 1631 praemonitus,

938 1675 996 1713 cum
1021 1662 1104 1711 mullis
1131 1662 1185 1712 aliis
1205 1665 1334 1729 prodigiis,
1352 1669 1497 1718 tumeliam
1518 1670 1566 1719 hoe
1584 1676 1717 1734 postremo.
1822 1730 1824 1735 ,

939 1768 1050 1832 Aquilae,
1062 1771 1179 1818 coeuntes
1198 1768 1224 1818 in
1247 1770 1346 1820 lrorlum
1367 1774 1438 1837 rogim
1456 1775 1621 1835 adiacentem,
1644 1791 1719 1827 neruo

940 1876 1051 1932 tempore
1063 1866 1149 1916 nidum
1164 1872 1353 1920 construxerant
1368 1873 1394 1922 in
1416 1887 1524 1936 procerae
1540 1877 1627 1938 paliure
1644 1891 1718 1929 cacu-

941 1987 1006 2036 mine
1020 2005 1026 2034 :
1040 1998 1099 2049 quae
1112 1997 1169 2033 cum
1181 1983 1261 2049 pullos
1273 1984 1356 2034 adbuc
1375 1986 1504 2049 implumes
1517 1988 1648 2049 haberent,
1664 1991 1718 2039 rul-

943 2092 1012 2138 tures
1023 2088 1162 2152 trequentes
1176 2087 1318 2138 advolantes
1333 2087 1418 2138 nidum
1427 2090 1612 2148 disturbaruul‚
1627 2093 1652 2139 cl
1664 2092 1719 2154 pul·

943 2193 981 2244 los
992 2194 1181 2255 interfecerunt,
1197 2197 1223 2245 et
1237 2194 1332 2257 aquilas
1346 2208 1364 2270 a
1380 2197 1451 2259 pastu
1465 2193 1613 2254 redeuntes,
1635 2196 1721 2244 rostris

944 2305 1080 2366 pungentes
1101 2302 1195 2366 alisque
1215 2301 1330 2353 ledentes
1353 2303 1463 2365 apalma
1484 2303 1624 2366 superant.
1658 2305 1721 2353 Tar·

944 2410 1053 2473 quirius,
1065 2409 1112 2458 lroc
1123 2408 1232 2473 auspicio
1252 2408 1511 2468 animadversatione
1529 2410 1658 2473 diligenter
1675 2409 1722 2462 sibi

945 2516 1058 2573 careret,
1071 2518 1097 2563 et
1116 2514 1198 2578 siqua
1217 2513 1311 2563 ratione
1327 2513 1405 2563 tatum
1420 2513 1499 2563 uitare
1512 2519 1608 2577 posset,
1622 2528 1724 2564 conare-

947 2624 996 2678 tur,
1007 2634 1055 2669 nou
1072 2620 1153 2683 potuit
1167 2624 1248 2670 tamen
1259 2620 1285 2669 id
1303 2633 1419 2684 superare
1435 2621 1506 2682 :sed,
1524 2621 1549 2670 irr
1560 2621 1639 2684 ipsum
1660 2622 1724 2671 lacta

947 2724 1125 2788 conspiratione
1140 2723 1309 2787 patriciorum,
1331 2726 1356 2773 et
1374 2736 1495 2773 consensu
1510 2723 1587 2787 plebis
1603 2737 1646 2773 eos
1657 2723 1725 2773 adio·

948 2832 1044 2892 rantis,
1063 2830 1165 2896 imperio
1185 2830 1287 2882 excidit.
1322 2831 1428 2889 Quinam
1446 2834 1529 2881 autem
1553 2831 1642 2881 tuerint
1655 2845 1725 2882 cons·

948 2937 1077 3003 pirationis
1091 2938 1116 2987 in
1129 2937 1199 2987 illum
1213 2936 1286 2987 iactae
1295 2938 1421 2996 auctores,
1441 2939 1468 2985 et
1478 2936 1601 3000 quomodo
1615 2950 1664 2986 rem
1680 2950 1725 2999 ag-

948 3040 1025 3104 gressi
1036 3040 1140 3101 tuerint,
1156 3038 1243 3103 paucis
1254 3038 1380 3088 declarare
1392 3037 1508 3087 conabor.

980 3149 1064 3199 lxlv.
1081 3145 1187 3197 Ardeam
1197 3144 1284 3196 urbem
1297 3144 1445 3209 Tarquinius
1455 3143 1596 3203 obsidebat.
1612 3158 1724 3195 caussam

949 3254 1087 3330 praetexeris
1100 3252 1167 3316 quod
1183 3253 1305 3302 Romanos
1315 3250 1418 3318 ¹erssules
1435 3249 1583 3314 recepisset,
1596 3261 1687 3312 eosque
1702 3251 1728 3299 in

950 3360 1053 3424 patriam
1067 3358 1183 3409 reducere
1196 3361 1346 3407 conaretur:
1359 3356 1401 3406 sed
1420 3370 1447 3406 re
1457 3369 1517 3406 uera
1530 3355 1565 3405 illi
1585 3355 1617 3404 ob
1626 3355 1728 3405 divilias

950 3466 1122 3528 insidiabatur,
1137 3464 1196 3528 quia
1210 3463 1320 3514 omnium
1342 3463 1483 3514 italicarum
1501 3464 1598 3514 urbium
1620 3464 1729 3515 tartuna-

949 3575 1045 3628 tissima
1060 3576 1123 3624 erat.
1156 3573 1205 3623 Sed
1220 3587 1278 3623 curn
1291 3573 1409 3624 Ardeates
1423 3573 1447 3624 ei
1458 3578 1560 3625 strenue
1573 3574 1728 3635 resisterent,

949 3691 975 3736 el
991 3684 1087 3735 obsidio
1107 3684 1248 3735 diuturnior
1268 3687 1350 3746 esset,
1368 3685 1471 3746 militas,
1488 3688 1540 3735 tarn
1559 3685 1592 3735 illi
1606 3684 1730 3749 quierant

951 3793 974 3840 in
989 3790 1089 3851 castris,
1106 3789 1164 3841 belli
1178 3803 1261 3842 moras
1270 3790 1355 3855 iniquo
1373 3791 1454 3841 animo
1472 3792 1591 3852 terentes,
1605 3806 1680 3856 quam
1695 3792 1730 3843 illi

950 3900 993 3966 qui
1007 3901 1032 3950 in
1046 3901 1108 3952 urbe
1122 3902 1209 3963 erant,
1223 3900 1291 3965 quod
1308 3901 1425 3966 pecunias
1437 3902 1542 3966 amplius
1559 3903 1672 3954 conterre
1683 3917 1731 3955 non

954 4011 1077 4072 poterant,
1095 4006 1126 4057 ad
1149 4005 1311 4058 delectionem
1334 4007 1443 4072 siquod
1460 4008 1514 4058 eius
1534 4007 1631 4058 initium
1651 4008 1730 4070 derel,

951 4118 1030 4182 parati
1044 4119 1126 4168 eraut.
1163 4120 1260 4169 intereo
1271 4121 1354 4168 autem
1370 4120 1473 4179 Sextus,
1487 4118 1595 4170 tiliorum
1605 4119 1732 4182 Tarquinii

952 4229 1010 4273 natu
1029 4224 1167 4283 maximus,
1186 4235 1202 4272 a
1221 4225 1292 4288 patre
1311 4224 1403 4275 missus
1428 4223 1557 4274 Collatiam
1577 4225 1732 4290 quorundam

951 4326 1094 4378 bellicorum
1108 4327 1261 4391 negotiorum
1269 4340 1375 4388 caussa,
1388 4326 1455 4392 apud
1473 4330 1605 4392 cognatum
1618 4340 1691 4378 suum
1703 4329 1730 4377 L.

951 4435 1113 4498 Tarquinium
1134 4435 1283 4488 collatinum
1302 4437 1411 4486 devenit.
1444 4439 1517 4487 Hunc
1543 4435 1633 4486 Fabius
1653 4434 1734 4497 Egerii

952 4539 1030 4591 tilium
1042 4540 1118 4592 tuisse
1131 4542 1221 4601 tradit,
1235 4541 1267 4592 do
1280 4555 1330 4605 quo
1345 4545 1400 4593 unte
1417 4542 1471 4604 egi,
1486 4547 1513 4594 et
1529 4555 1604 4607 quem
1621 4540 1735 4592 demons-

952 4651 1016 4702 travi
1034 4650 1110 4702 tuisse
1132 4650 1210 4702 tilium
1229 4651 1311 4700 tratris
1328 4653 1453 4716 Tarquinii
1472 4652 1550 4701 Prisci
1567 4654 1734 4700 Rornanorum

953 4757 1031 4820 regis,
1048 4758 1073 4805 el
1090 4754 1122 4806 ab
1134 4768 1164 4805 eo
1179 4755 1289 4806 Collatiae
1304 4758 1456 4819 praetectum,
1471 4759 1521 4805 eta
1535 4753 1659 4804 domicilio
1668 4750 1735 4814 quod

953 4866 986 4917 ibi
1005 4865 1112 4918 babebat
1127 4867 1274 4918 Collatinum
1289 4872 1420 4930 uocatum,
1435 4880 1489 4917 esse
1503 4870 1527 4916 et
1544 4864 1648 4929 posteris
1668 4863 1736 4917 idem

954 4992 1090 5043 cognomen
1117 4979 1252 5044 reliquisse.
1284 4983 1336 5043 ssgo
1360 4992 1418 5028 uero
1442 4977 1626 5040 huncquoque
1656 4977 1736 5043 Egerii

956 5094 1069 5153 nepotem
1088 5090 1249 5151 crediderim
1272 5091 1394 5154 siquidem
1420 5088 1507 5140 eadem
1526 5092 1601 5140 relate
1614 5094 1668 5141 erat
1686 5106 1735 5156 quo

955 5198 982 5246 ot
995 5195 1124 5259 Tarquinii
1135 5197 1190 5258 dlii,
1207 5201 1235 5247 ul
1247 5196 1336 5246 Fabius
1352 5199 1378 5247 ot
1396 5195 1468 5247 multi
1480 5195 1522 5248 alii
1533 5198 1666 5263 scriptores
1677 5210 1735 5260 pro·

1616 5295 1644 5341 16
