<?xml version="1.0" encoding="UTF-8"?>
<!DOCTYPE html PUBLIC "-//W3C//DTD XHTML 1.0 Transitional//EN"
    "http://www.w3.org/TR/xhtml1/DTD/xhtml1-transitional.dtd">
<html xmlns="http://www.w3.org/1999/xhtml" xml:lang="en" lang="en">
 <head>
  <title>
</title>
<meta http-equiv="Content-Type" content="text/html;charset=utf-8" />
  <meta name='ocr-system' content='tesseract 3.04.00' />
  <meta name='ocr-capabilities' content='ocr_page ocr_carea ocr_par ocr_line ocrx_word'/>
</head>
<body>
  <div class='ocr_page' id='page_1' title='image "./dionysiihalicar00prougoog/dionysiihalicar00prougoog_0442.png"; bbox 0 0 3772 5828; ppageno 0'>
   <div class='ocr_carea' id='block_1_1' title="bbox 597 344 1259 422">
    <p class='ocr_par' dir='ltr' id='par_1_1' title="bbox 597 344 1259 422">
     <span class='ocr_line' id='line_1_1' title="bbox 597 344 1259 422; baseline -0.006 -13"><span class='ocrx_word' id='word_1_1' title='bbox 597 345 894 422; x_wconf 76' lang='lat' dir='ltr'><strong>AN&#39;l&#39;lQUlTATUM</strong></span> <span class='ocrx_word' id='word_1_2' title='bbox 915 344 1066 408; x_wconf 82' lang='lat' dir='ltr'><strong>ROMAN.</strong></span> <span class='ocrx_word' id='word_1_3' title='bbox 1086 344 1163 407; x_wconf 81' lang='lat' dir='ltr'><strong>LlB.</strong></span> <span class='ocrx_word' id='word_1_4' title='bbox 1193 345 1259 406; x_wconf 88' lang='lat' dir='ltr'><strong>vll.</strong></span> 
     </span>
    </p>
   </div>
   <div class='ocr_carea' id='block_1_2' title="bbox 58 472 896 4738">
    <p class='ocr_par' dir='ltr' id='par_1_2' title="bbox 114 472 892 569">
     <span class='ocr_line' id='line_1_2' title="bbox 114 472 892 569; baseline -0.009 -23"><span class='ocrx_word' id='word_1_5' title='bbox 114 523 128 547; x_wconf 75' lang='lat' dir='ltr'><strong>a</strong></span> <span class='ocrx_word' id='word_1_6' title='bbox 143 495 247 561; x_wconf 89' lang='grc' dir='ltr'>ἀληθεῖς</span> <span class='ocrx_word' id='word_1_7' title='bbox 260 489 312 569; x_wconf 82' lang='grc' dir='ltr'><strong>ἀρῶ</strong></span> <span class='ocrx_word' id='word_1_8' title='bbox 322 483 381 552; x_wconf 83' lang='grc' dir='ltr'>τοῦς</span> <span class='ocrx_word' id='word_1_9' title='bbox 391 485 495 564; x_wconf 82' lang='grc' dir='ltr'>λόγους.</span> <span class='ocrx_word' id='word_1_10' title='bbox 507 482 618 560; x_wconf 80' lang='grc' dir='ltr'>Ὑμεῖς,</span> <span class='ocrx_word' id='word_1_11' title='bbox 634 472 656 540; x_wconf 76' lang='grc' dir='ltr'><em>ὦ</em></span> <span class='ocrx_word' id='word_1_12' title='bbox 674 479 804 557; x_wconf 81' lang='grc' dir='ltr'>δημόται,</span> <span class='ocrx_word' id='word_1_13' title='bbox 814 482 892 540; x_wconf 85' lang='grc' dir='ltr'>διαλ-</span> 
     </span>
    </p>

    <p class='ocr_par' dir='ltr' id='par_1_3' title="bbox 116 570 892 655">
     <span class='ocr_line' id='line_1_3' title="bbox 116 570 892 655; baseline -0.005 -20"><span class='ocrx_word' id='word_1_14' title='bbox 116 611 128 636; x_wconf 73' lang='lat' dir='ltr'><strong>a</strong></span> <span class='ocrx_word' id='word_1_15' title='bbox 144 582 298 655; x_wconf 87' lang='grc' dir='ltr'>λαττόμενοι</span> <span class='ocrx_word' id='word_1_16' title='bbox 317 576 383 655; x_wconf 80' lang='grc' dir='ltr'>πρὸς</span> <span class='ocrx_word' id='word_1_17' title='bbox 403 573 451 646; x_wconf 77' lang='grc' dir='ltr'><strong>τὴν</strong></span> <span class='ocrx_word' id='word_1_18' title='bbox 472 572 568 654; x_wconf 78' lang='grc' dir='ltr'>βουλὴν</span> <span class='ocrx_word' id='word_1_19' title='bbox 591 575 713 651; x_wconf 77' lang='grc' dir='ltr'>ἀποχρῆν</span> <span class='ocrx_word' id='word_1_20' title='bbox 733 577 794 650; x_wconf 79' lang='grc' dir='ltr'>ὑμῖν</span> <span class='ocrx_word' id='word_1_21' title='bbox 810 570 892 651; x_wconf 84' lang='grc' dir='ltr'>ᾤεσθε</span> 
     </span>
    </p>

    <p class='ocr_par' dir='ltr' id='par_1_4' title="bbox 116 661 892 744">
     <span class='ocr_line' id='line_1_4' title="bbox 116 661 892 744; baseline -0.008 -21"><span class='ocrx_word' id='word_1_22' title='bbox 116 699 129 725; x_wconf 79' lang='grc' dir='ltr'><strong>ι</strong></span> <span class='ocrx_word' id='word_1_23' title='bbox 143 672 193 730; x_wconf 85' lang='grc' dir='ltr'><strong>τῶν</strong></span> <span class='ocrx_word' id='word_1_24' title='bbox 220 663 327 725; x_wconf 81' lang='grc' dir='ltr'>δανείων</span> <span class='ocrx_word' id='word_1_25' title='bbox 351 663 492 744; x_wconf 73' lang='grc' dir='ltr'>ἀφεῖσθαι,</span> <span class='ocrx_word' id='word_1_26' title='bbox 523 663 568 722; x_wconf 83' lang='grc' dir='ltr'><strong>καὶ</strong></span> <span class='ocrx_word' id='word_1_27' title='bbox 596 661 717 741; x_wconf 78' lang='grc' dir='ltr'>βοηθείας</span> <span class='ocrx_word' id='word_1_28' title='bbox 744 661 821 720; x_wconf 77' lang='grc' dir='ltr'>ἕνεκα</span> <span class='ocrx_word' id='word_1_29' title='bbox 840 662 892 718; x_wconf 80' lang='grc' dir='ltr'><strong>τῶν</strong></span> 
     </span>
    </p>

    <p class='ocr_par' dir='ltr' id='par_1_5' title="bbox 116 746 893 836">
     <span class='ocr_line' id='line_1_5' title="bbox 116 746 893 836; baseline -0.006 -24"><span class='ocrx_word' id='word_1_30' title='bbox 116 787 129 814; x_wconf 78' lang='grc' dir='ltr'>ο</span> <span class='ocrx_word' id='word_1_31' title='bbox 143 753 359 836; x_wconf 67' lang='grc' dir='ltr'>κατισχυομένων</span> <span class='ocrx_word' id='word_1_32' title='bbox 380 753 500 824; x_wconf 83' lang='grc' dir='ltr'>πενήτων</span> <span class='ocrx_word' id='word_1_33' title='bbox 524 750 655 830; x_wconf 85' lang='grc' dir='ltr'>ἀρχοντας</span> <span class='ocrx_word' id='word_1_34' title='bbox 669 751 696 819; x_wconf 76' lang='grc' dir='ltr'><strong>ἐξ</strong></span> <span class='ocrx_word' id='word_1_35' title='bbox 715 754 802 811; x_wconf 85' lang='grc' dir='ltr'>αύτῶν</span> <span class='ocrx_word' id='word_1_36' title='bbox 826 746 893 829; x_wconf 73' lang='grc' dir='ltr'>ᾐτή-</span> 
     </span>
    </p>

    <p class='ocr_par' dir='ltr' id='par_1_6' title="bbox 76 834 893 920">
     <span class='ocr_line' id='line_1_6' title="bbox 76 834 893 920; baseline -0.01 -20"><span class='ocrx_word' id='word_1_37' title='bbox 76 869 88 905; x_wconf 83' lang='grc' dir='ltr'><strong>ι</strong></span> <span class='ocrx_word' id='word_1_38' title='bbox 116 852 221 905; x_wconf 80' lang='grc' dir='ltr'>ιοασθε</span> <span class='ocrx_word' id='word_1_39' title='bbox 245 837 437 900; x_wconf 78' lang='grc' dir='ltr'>ἀποδεικνύναι·</span> <span class='ocrx_word' id='word_1_40' title='bbox 464 838 509 896; x_wconf 80' lang='grc' dir='ltr'><strong>καὶ</strong></span> <span class='ocrx_word' id='word_1_41' title='bbox 530 841 614 896; x_wconf 91' lang='grc' dir='ltr'>ταῦτα</span> <span class='ocrx_word' id='word_1_42' title='bbox 638 839 775 920; x_wconf 87' lang='grc' dir='ltr'>ἀμφότερα</span> <span class='ocrx_word' id='word_1_43' title='bbox 791 834 893 907; x_wconf 78' lang='grc' dir='ltr'>πολλὴν</span> 
     </span>
    </p>

    <p class='ocr_par' dir='ltr' id='par_1_7' title="bbox 116 923 894 1008">
     <span class='ocr_line' id='line_1_7' title="bbox 116 923 894 1008; baseline -0.008 -22"><span class='ocrx_word' id='word_1_44' title='bbox 116 961 128 988; x_wconf 78' lang='grc' dir='ltr'><strong>ιι</strong></span> <span class='ocrx_word' id='word_1_45' title='bbox 143 932 239 996; x_wconf 74' lang='grc' dir='ltr'>εἰδότες</span> <span class='ocrx_word' id='word_1_46' title='bbox 252 932 314 1004; x_wconf 82' lang='grc' dir='ltr'>ἡμῖν</span> <span class='ocrx_word' id='word_1_47' title='bbox 328 926 405 1008; x_wconf 87' lang='grc' dir='ltr'>χάριν</span> <span class='ocrx_word' id='word_1_48' title='bbox 416 923 533 986; x_wconf 75' lang='grc' dir='ltr'>ἐλάῦετε</span> <span class='ocrx_word' id='word_1_49' title='bbox 546 927 697 989; x_wconf 88' lang='grc' dir='ltr'>καταλῦσαι</span> <span class='ocrx_word' id='word_1_50' title='bbox 709 928 736 989; x_wconf 77' lang='lat' dir='ltr'><strong>it</strong></span> <span class='ocrx_word' id='word_1_51' title='bbox 748 925 796 998; x_wconf 70' lang='grc' dir='ltr'><strong>τὴν</strong></span> <span class='ocrx_word' id='word_1_52' title='bbox 809 923 894 1006; x_wconf 76' lang='grc' dir='ltr'>ἀρχὴν</span> 
     </span>
    </p>

    <p class='ocr_par' dir='ltr' id='par_1_8' title="bbox 116 1012 895 1093">
     <span class='ocr_line' id='line_1_8' title="bbox 116 1012 895 1093; baseline -0.005 -18"><span class='ocrx_word' id='word_1_53' title='bbox 116 1050 129 1077; x_wconf 80' lang='grc' dir='ltr'>«ι</span> <span class='ocrx_word' id='word_1_54' title='bbox 143 1025 195 1080; x_wconf 83' lang='grc' dir='ltr'><strong>τῶν</strong></span> <span class='ocrx_word' id='word_1_55' title='bbox 215 1017 335 1088; x_wconf 80' lang='grc' dir='ltr'>ὑπάτων,</span> <span class='ocrx_word' id='word_1_56' title='bbox 360 1015 377 1087; x_wconf 74' lang='grc' dir='ltr'>ἢ</span> <span class='ocrx_word' id='word_1_57' title='bbox 402 1013 449 1084; x_wconf 73' lang='grc' dir='ltr'><strong>τὴν</strong></span> <span class='ocrx_word' id='word_1_58' title='bbox 473 1013 570 1093; x_wconf 82' lang='grc' dir='ltr'>βουλὴν</span> <span class='ocrx_word' id='word_1_59' title='bbox 596 1012 690 1092; x_wconf 89' lang='grc' dir='ltr'>ἀκυρον</span> <span class='ocrx_word' id='word_1_60' title='bbox 715 1018 827 1085; x_wconf 75' lang='grc' dir='ltr'>ποιῆσαι</span> <span class='ocrx_word' id='word_1_61' title='bbox 849 1016 895 1083; x_wconf 73' lang='grc' dir='ltr'><strong>τῆς</strong></span> 
     </span>
    </p>

    <p class='ocr_par' dir='ltr' id='par_1_9' title="bbox 117 1101 894 1188">
     <span class='ocr_line' id='line_1_9' title="bbox 117 1101 894 1188; baseline -0.009 -23"><span class='ocrx_word' id='word_1_62' title='bbox 117 1138 130 1165; x_wconf 78' lang='lat' dir='ltr'><strong>a</strong></span> <span class='ocrx_word' id='word_1_63' title='bbox 150 1109 215 1188; x_wconf 80' lang='grc' dir='ltr'>ὑπὲρ</span> <span class='ocrx_word' id='word_1_64' title='bbox 242 1109 293 1164; x_wconf 85' lang='grc' dir='ltr'><strong>τῶν</strong></span> <span class='ocrx_word' id='word_1_65' title='bbox 317 1107 409 1164; x_wconf 84' lang='grc' dir='ltr'>κοινῶν</span> <span class='ocrx_word' id='word_1_66' title='bbox 432 1102 608 1184; x_wconf 80' lang='grc' dir='ltr'>προστασίας,</span> <span class='ocrx_word' id='word_1_67' title='bbox 637 1104 655 1175; x_wconf 79' lang='grc' dir='ltr'><strong>ἢ</strong></span> <span class='ocrx_word' id='word_1_68' title='bbox 680 1103 727 1175; x_wconf 78' lang='grc' dir='ltr'><strong>τὴν</strong></span> <span class='ocrx_word' id='word_1_69' title='bbox 743 1101 815 1171; x_wconf 87' lang='grc' dir='ltr'>τάξιν</span> <span class='ocrx_word' id='word_1_70' title='bbox 829 1104 894 1160; x_wconf 88' lang='grc' dir='ltr'>ἀνα-</span> 
     </span>
    </p>

    <p class='ocr_par' dir='ltr' id='par_1_10' title="bbox 117 1191 895 1278">
     <span class='ocr_line' id='line_1_10' title="bbox 117 1191 895 1278; baseline -0.005 -26"><span class='ocrx_word' id='word_1_71' title='bbox 117 1226 130 1253; x_wconf 84' lang='grc'>«</span> <span class='ocrx_word' id='word_1_72' title='bbox 145 1198 239 1278; x_wconf 72' lang='grc' dir='ltr'>τρέψαι</span> <span class='ocrx_word' id='word_1_73' title='bbox 269 1201 316 1267; x_wconf 79' lang='grc' dir='ltr'><strong>τῆς</strong></span> <span class='ocrx_word' id='word_1_74' title='bbox 342 1192 455 1271; x_wconf 86' lang='grc' dir='ltr'>πατρίου</span> <span class='ocrx_word' id='word_1_75' title='bbox 491 1191 642 1264; x_wconf 83' lang='grc' dir='ltr'>πολιτείας,</span> <span class='ocrx_word' id='word_1_76' title='bbox 673 1192 727 1253; x_wconf 83' lang='grc' dir='ltr'>οὔτ’</span> <span class='ocrx_word' id='word_1_77' title='bbox 760 1191 895 1269; x_wconf 71' lang='grc' dir='ltr'>ᾐτήσασθε</span> 
     </span>
    </p>

    <p class='ocr_par' dir='ltr' id='par_1_11' title="bbox 64 1272 895 1364">
     <span class='ocr_line' id='line_1_11' title="bbox 64 1272 895 1364; baseline -0.006 -22"><span class='ocrx_word' id='word_1_78' title='bbox 64 1306 89 1343; x_wconf 89' lang='grc' dir='ltr'>ιο</span> <span class='ocrx_word' id='word_1_79' title='bbox 117 1317 130 1343; x_wconf 81' lang='grc' dir='ltr'>ο</span> <span class='ocrx_word' id='word_1_80' title='bbox 145 1286 204 1345; x_wconf 91' lang='grc' dir='ltr'>ούτε</span> <span class='ocrx_word' id='word_1_81' title='bbox 219 1284 353 1364; x_wconf 77' lang='grc' dir='ltr'>ἐμελλετε.</span> <span class='ocrx_word' id='word_1_82' title='bbox 376 1281 411 1342; x_wconf 88' lang='grc' dir='ltr'><strong>Τί</strong></span> <span class='ocrx_word' id='word_1_83' title='bbox 426 1272 470 1340; x_wconf 82' lang='grc' dir='ltr'>οῦν</span> <span class='ocrx_word' id='word_1_84' title='bbox 491 1279 616 1346; x_wconf 81' lang='grc' dir='ltr'>παθόντες</span> <span class='ocrx_word' id='word_1_85' title='bbox 632 1282 789 1362; x_wconf 75' lang='grc' dir='ltr'>ἐπιχειρεῖτε</span> <span class='ocrx_word' id='word_1_86' title='bbox 807 1280 895 1339; x_wconf 88' lang='grc' dir='ltr'>πάντα</span> 
     </span>
    </p>

    <p class='ocr_par' dir='ltr' id='par_1_12' title="bbox 117 1369 895 1455">
     <span class='ocr_line' id='line_1_12' title="bbox 117 1369 895 1455; baseline -0.004 -24"><span class='ocrx_word' id='word_1_87' title='bbox 117 1382 250 1455; x_wconf 80' lang='grc' dir='ltr'>«συγχεῖν</span> <span class='ocrx_word' id='word_1_88' title='bbox 272 1378 356 1432; x_wconf 89' lang='grc' dir='ltr'>ταῦτα</span> <span class='ocrx_word' id='word_1_89' title='bbox 376 1371 452 1443; x_wconf 89' lang='grc' dir='ltr'>νυνί,</span> <span class='ocrx_word' id='word_1_90' title='bbox 478 1369 524 1428; x_wconf 84' lang='grc' dir='ltr'><strong>καί</strong></span> <span class='ocrx_word' id='word_1_91' title='bbox 545 1370 596 1427; x_wconf 87' lang='grc' dir='ltr'>τίνι</span> <span class='ocrx_word' id='word_1_92' title='bbox 613 1370 706 1450; x_wconf 84' lang='grc' dir='ltr'>δικαίῳ</span> <span class='ocrx_word' id='word_1_93' title='bbox 732 1369 895 1436; x_wconf 76' lang='grc' dir='ltr'>πιστεύοντες</span> 
     </span>
    </p>

    <p class='ocr_par' dir='ltr' id='par_1_13' title="bbox 116 1456 895 1539">
     <span class='ocr_line' id='line_1_13' title="bbox 116 1456 895 1539; baseline -0.004 -20"><span class='ocrx_word' id='word_1_94' title='bbox 116 1463 188 1530; x_wconf 73' lang='grc' dir='ltr'>«τὰς</span> <span class='ocrx_word' id='word_1_95' title='bbox 203 1461 281 1539; x_wconf 76' lang='grc' dir='ltr'>τιμάς</span> <span class='ocrx_word' id='word_1_96' title='bbox 303 1463 379 1539; x_wconf 81' lang='grc' dir='ltr'>ἡμῶν</span> <span class='ocrx_word' id='word_1_97' title='bbox 405 1462 505 1530; x_wconf 82' lang='grc' dir='ltr'>ζητεῖτε</span> <span class='ocrx_word' id='word_1_98' title='bbox 525 1458 711 1538; x_wconf 81' lang='grc' dir='ltr'>ἀφαιρεῖσθαι,</span> <span class='ocrx_word' id='word_1_99' title='bbox 731 1462 754 1519; x_wconf 80' lang='grc' dir='ltr'><strong>τί</strong></span> <span class='ocrx_word' id='word_1_100' title='bbox 768 1456 819 1538; x_wconf 77' lang='grc' dir='ltr'><strong>γάρ</strong></span> <span class='ocrx_word' id='word_1_101' title='bbox 841 1465 895 1524; x_wconf 87' lang='grc' dir='ltr'>τοῖς</span> 
     </span>
    </p>

    <p class='ocr_par' dir='ltr' id='par_1_14' title="bbox 116 1542 893 1631">
     <span class='ocr_line' id='line_1_14' title="bbox 116 1542 893 1631; baseline -0.005 -25"><span class='ocrx_word' id='word_1_102' title='bbox 116 1552 284 1631; x_wconf 79' lang='grc' dir='ltr'>«μετέχουσι</span> <span class='ocrx_word' id='word_1_103' title='bbox 308 1553 354 1619; x_wconf 76' lang='grc' dir='ltr'><strong>τῆς</strong></span> <span class='ocrx_word' id='word_1_104' title='bbox 380 1549 474 1626; x_wconf 80' lang='grc' dir='ltr'>βουλῆς</span> <span class='ocrx_word' id='word_1_105' title='bbox 501 1543 611 1625; x_wconf 79' lang='grc' dir='ltr'>φοόερον</span> <span class='ocrx_word' id='word_1_106' title='bbox 630 1545 753 1617; x_wconf 83' lang='grc' dir='ltr'>ποιήσετε</span> <span class='ocrx_word' id='word_1_107' title='bbox 777 1544 808 1603; x_wconf 80' lang='grc' dir='ltr'><strong>τῦ</strong></span> <span class='ocrx_word' id='word_1_108' title='bbox 826 1542 893 1619; x_wconf 84' lang='grc' dir='ltr'>μετδι</span> 
     </span>
    </p>

    <p class='ocr_par' dir='ltr' id='par_1_15' title="bbox 116 1633 894 1724">
     <span class='ocr_line' id='line_1_15' title="bbox 116 1633 894 1724; baseline -0.008 -26"><span class='ocrx_word' id='word_1_109' title='bbox 116 1671 129 1698; x_wconf 78' lang='grc' dir='ltr'><strong>α</strong></span> <span class='ocrx_word' id='word_1_110' title='bbox 143 1646 305 1724; x_wconf 84' lang='grc' dir='ltr'>παρρησίας,</span> <span class='ocrx_word' id='word_1_111' title='bbox 330 1639 347 1697; x_wconf 83' lang='grc' dir='ltr'>θ</span> <span class='ocrx_word' id='word_1_112' title='bbox 369 1642 503 1718; x_wconf 76' lang='grc' dir='ltr'>φρονοῦσι,</span> <span class='ocrx_word' id='word_1_113' title='bbox 525 1633 626 1713; x_wconf 82' lang='grc' dir='ltr'>λε’γειν,</span> <span class='ocrx_word' id='word_1_114' title='bbox 649 1634 675 1693; x_wconf 89' lang='grc' dir='ltr'><strong>τί</strong></span> <span class='ocrx_word' id='word_1_115' title='bbox 696 1634 728 1692; x_wconf 82' lang='grc' dir='ltr'><strong>ἂν</strong></span> <span class='ocrx_word' id='word_1_116' title='bbox 752 1634 849 1694; x_wconf 87' lang='grc' dir='ltr'>είποιεν</span> <span class='ocrx_word' id='word_1_117' title='bbox 871 1636 894 1693; x_wconf 82' lang='lat' dir='ltr'><strong>ol</strong></span> 
     </span>
    </p>

    <p class='ocr_par' dir='ltr' id='par_1_16' title="bbox 116 1720 894 1812">
     <span class='ocr_line' id='line_1_16' title="bbox 116 1720 894 1812; baseline -0.009 -27"><span class='ocrx_word' id='word_1_118' title='bbox 116 1758 129 1785; x_wconf 78' lang='grc' dir='ltr'><strong>ι</strong></span> <span class='ocrx_word' id='word_1_119' title='bbox 142 1727 334 1812; x_wconf 82' lang='grc' dir='ltr'>προεστηκότες</span> <span class='ocrx_word' id='word_1_120' title='bbox 361 1728 433 1802; x_wconf 81' lang='grc' dir='ltr'>ὑμῶν</span> <span class='ocrx_word' id='word_1_121' title='bbox 449 1721 578 1796; x_wconf 76' lang='grc' dir='ltr'>ἐπιεικές,</span> <span class='ocrx_word' id='word_1_122' title='bbox 599 1720 617 1794; x_wconf 74' lang='grc' dir='ltr'>ἢ</span> <span class='ocrx_word' id='word_1_123' title='bbox 640 1722 709 1804; x_wconf 82' lang='grc' dir='ltr'>ποίῳ</span> <span class='ocrx_word' id='word_1_124' title='bbox 730 1722 894 1803; x_wconf 88' lang='grc' dir='ltr'>χρησάμενοι</span> 
     </span>
    </p>

    <p class='ocr_par' dir='ltr' id='par_1_17' title="bbox 116 1812 891 1899">
     <span class='ocr_line' id='line_1_17' title="bbox 116 1812 891 1899; baseline -0.006 -25"><span class='ocrx_word' id='word_1_125' title='bbox 116 1848 129 1875; x_wconf 79' lang='grc' dir='ltr'>ο</span> <span class='ocrx_word' id='word_1_126' title='bbox 144 1820 217 1899; x_wconf 83' lang='grc' dir='ltr'>νόμῳ</span> <span class='ocrx_word' id='word_1_127' title='bbox 234 1815 338 1894; x_wconf 83' lang='grc' dir='ltr'>θανάτῳ</span> <span class='ocrx_word' id='word_1_128' title='bbox 360 1818 468 1891; x_wconf 79' lang='grc' dir='ltr'>ζημιοῦν</span> <span class='ocrx_word' id='word_1_129' title='bbox 485 1812 502 1884; x_wconf 78' lang='grc' dir='ltr'><strong>ἢ</strong></span> <span class='ocrx_word' id='word_1_130' title='bbox 525 1815 594 1895; x_wconf 84' lang='grc' dir='ltr'>φυγῇ</span> <span class='ocrx_word' id='word_1_131' title='bbox 611 1815 664 1870; x_wconf 86' lang='grc' dir='ltr'><strong>τῶν</strong></span> <span class='ocrx_word' id='word_1_132' title='bbox 681 1813 828 1892; x_wconf 86' lang='grc' dir='ltr'>πατρικίων</span> <span class='ocrx_word' id='word_1_133' title='bbox 848 1834 891 1869; x_wconf 87' lang='grc' dir='ltr'><strong>τι·</strong></span> 
     </span>
    </p>

    <p class='ocr_par' dir='ltr' id='par_1_18' title="bbox 116 1897 895 1978">
     <span class='ocr_line' id='line_1_18' title="bbox 116 1897 895 1978; baseline -0.008 -16"><span class='ocrx_word' id='word_1_134' title='bbox 116 1936 129 1962; x_wconf 85' lang='lat'><em>«</em></span> <span class='ocrx_word' id='word_1_135' title='bbox 144 1908 199 1973; x_wconf 57' lang='grc' dir='ltr'><strong>νδις7</strong></span> <span class='ocrx_word' id='word_1_136' title='bbox 211 1903 383 1974; x_wconf 81' lang='grc' dir='ltr'>ἀξιώσουσιν,</span> <span class='ocrx_word' id='word_1_137' title='bbox 410 1899 468 1959; x_wconf 84' lang='grc' dir='ltr'>οὔτε</span> <span class='ocrx_word' id='word_1_138' title='bbox 487 1900 539 1978; x_wconf 77' lang='grc' dir='ltr'><strong>γὰρ</strong></span> <span class='ocrx_word' id='word_1_139' title='bbox 561 1901 585 1957; x_wconf 80' lang='grc' dir='ltr'>οῖ</span> <span class='ocrx_word' id='word_1_140' title='bbox 609 1901 718 1959; x_wconf 77' lang='grc' dir='ltr'>παλαιοί</span> <span class='ocrx_word' id='word_1_141' title='bbox 742 1899 817 1978; x_wconf 90' lang='grc' dir='ltr'>νόμοι</span> <span class='ocrx_word' id='word_1_142' title='bbox 833 1897 895 1957; x_wconf 84' lang='grc' dir='ltr'>ταύ-</span> 
     </span>
    </p>

    <p class='ocr_par' dir='ltr' id='par_1_19' title="bbox 117 1988 893 2070">
     <span class='ocr_line' id='line_1_19' title="bbox 117 1988 893 2070; baseline -0.003 -22"><span class='ocrx_word' id='word_1_143' title='bbox 117 2022 130 2048; x_wconf 76' lang='lat' dir='ltr'><strong>a</strong></span> <span class='ocrx_word' id='word_1_144' title='bbox 145 2019 192 2066; x_wconf 88' lang='grc' dir='ltr'><strong>την</strong></span> <span class='ocrx_word' id='word_1_145' title='bbox 206 1993 320 2052; x_wconf 89' lang='grc' dir='ltr'>διδόασιν</span> <span class='ocrx_word' id='word_1_146' title='bbox 336 1995 396 2070; x_wconf 80' lang='grc' dir='ltr'>ὑμῖν</span> <span class='ocrx_word' id='word_1_147' title='bbox 410 1990 459 2064; x_wconf 78' lang='grc' dir='ltr'><strong>τὴν</strong></span> <span class='ocrx_word' id='word_1_148' title='bbox 476 1988 594 2058; x_wconf 77' lang='grc' dir='ltr'>ἐξουσίαν</span> <span class='ocrx_word' id='word_1_149' title='bbox 610 1993 670 2048; x_wconf 74' lang='grc' dir='ltr'>οὔτε</span> <span class='ocrx_word' id='word_1_150' title='bbox 688 1992 715 2049; x_wconf 79' lang='grc' dir='ltr'><strong>αἱ</strong></span> <span class='ocrx_word' id='word_1_151' title='bbox 733 1988 828 2048; x_wconf 82' lang='grc' dir='ltr'>νεωστὶ</span> <span class='ocrx_word' id='word_1_152' title='bbox 847 2010 893 2065; x_wconf 90' lang='grc' dir='ltr'><strong>γε·</strong></span> 
     </span>
    </p>

    <p class='ocr_par' dir='ltr' id='par_1_20' title="bbox 118 2077 893 2162">
     <span class='ocr_line' id='line_1_20' title="bbox 118 2077 893 2162; baseline -0.001 -25"><span class='ocrx_word' id='word_1_153' title='bbox 118 2111 130 2139; x_wconf 81' lang='grc' dir='ltr'><strong>ι</strong></span> <span class='ocrx_word' id='word_1_154' title='bbox 147 2085 254 2160; x_wconf 88' lang='grc' dir='ltr'>νόμεναι</span> <span class='ocrx_word' id='word_1_155' title='bbox 275 2082 340 2162; x_wconf 80' lang='grc' dir='ltr'>πρὸς</span> <span class='ocrx_word' id='word_1_156' title='bbox 358 2080 405 2152; x_wconf 78' lang='grc' dir='ltr'><strong>τὴν</strong></span> <span class='ocrx_word' id='word_1_157' title='bbox 429 2080 525 2160; x_wconf 74' lang='grc' dir='ltr'>βουλὴν</span> <span class='ocrx_word' id='word_1_158' title='bbox 550 2079 700 2158; x_wconf 74' lang='grc' dir='ltr'>ὁμολογίαι.</span> <span class='ocrx_word' id='word_1_159' title='bbox 744 2079 784 2140; x_wconf 80' lang='grc' dir='ltr'><strong>Τὸ</strong></span> <span class='ocrx_word' id='word_1_160' title='bbox 809 2077 830 2137; x_wconf 79' lang='grc' dir='ltr'><strong>θ’</strong></span> <span class='ocrx_word' id='word_1_161' title='bbox 850 2081 893 2137; x_wconf 83' lang='grc' dir='ltr'>ἐκ·</span> 
     </span>
    </p>

    <p class='ocr_par' dir='ltr' id='par_1_21' title="bbox 60 2165 893 2249">
     <span class='ocr_line' id='line_1_21' title="bbox 60 2165 893 2249; baseline -0.013 -14"><span class='ocrx_word' id='word_1_162' title='bbox 60 2197 89 2235; x_wconf 79' lang='grc' dir='ltr'><strong>ευ</strong></span> <span class='ocrx_word' id='word_1_163' title='bbox 118 2201 131 2228; x_wconf 82' lang='grc' dir='ltr'>ο</span> <span class='ocrx_word' id='word_1_164' title='bbox 146 2173 243 2232; x_wconf 75' lang='grc' dir='ltr'>θαίνειν</span> <span class='ocrx_word' id='word_1_165' title='bbox 258 2171 317 2238; x_wconf 86' lang='grc' dir='ltr'>τοῦς</span> <span class='ocrx_word' id='word_1_166' title='bbox 330 2170 456 2248; x_wconf 81' lang='grc' dir='ltr'>νομίμους</span> <span class='ocrx_word' id='word_1_167' title='bbox 470 2169 545 2249; x_wconf 82' lang='grc' dir='ltr'>ὅρους</span> <span class='ocrx_word' id='word_1_168' title='bbox 560 2167 667 2239; x_wconf 73' lang='grc' dir='ltr'>καλιὴν</span> <span class='ocrx_word' id='word_1_169' title='bbox 685 2167 744 2247; x_wconf 83' lang='grc' dir='ltr'>βίαν</span> <span class='ocrx_word' id='word_1_170' title='bbox 758 2165 893 2247; x_wconf 88' lang='grc' dir='ltr'>κρείττονα</span> 
     </span>
    </p>

    <p class='ocr_par' dir='ltr' id='par_1_22' title="bbox 116 2255 893 2334">
     <span class='ocr_line' id='line_1_22' title="bbox 116 2255 893 2334; baseline -0.009 -13"><span class='ocrx_word' id='word_1_171' title='bbox 116 2289 129 2315; x_wconf 76' lang='grc' dir='ltr'><strong>α</strong></span> <span class='ocrx_word' id='word_1_172' title='bbox 143 2256 287 2333; x_wconf 53' lang='grc' dir='ltr'>ποιεῖν’τῆς</span> <span class='ocrx_word' id='word_1_173' title='bbox 308 2260 381 2334; x_wconf 86' lang='grc' dir='ltr'>δίκης</span> <span class='ocrx_word' id='word_1_174' title='bbox 401 2257 488 2318; x_wconf 83' lang='grc' dir='ltr'>ούκίτι</span> <span class='ocrx_word' id='word_1_175' title='bbox 514 2256 653 2334; x_wconf 86' lang='grc' dir='ltr'>δημοτικόν</span> <span class='ocrx_word' id='word_1_176' title='bbox 678 2261 763 2334; x_wconf 83' lang='grc' dir='ltr'>ἐστιν,</span> <span class='ocrx_word' id='word_1_177' title='bbox 786 2255 847 2315; x_wconf 85' lang='grc' dir='ltr'>ἀλλ’</span> <span class='ocrx_word' id='word_1_178' title='bbox 871 2258 893 2315; x_wconf 84' lang='grc' dir='ltr'><strong>εἰ</strong></span> 
     </span>
    </p>

    <p class='ocr_par' dir='ltr' id='par_1_23' title="bbox 114 2341 893 2429">
     <span class='ocr_line' id='line_1_23' title="bbox 114 2341 893 2429; baseline -0.008 -20"><span class='ocrx_word' id='word_1_179' title='bbox 114 2377 127 2403; x_wconf 79' lang='grc' dir='ltr'><strong>α</strong></span> <span class='ocrx_word' id='word_1_180' title='bbox 140 2353 242 2421; x_wconf 77' lang='grc' dir='ltr'>τάληθῆ</span> <span class='ocrx_word' id='word_1_181' title='bbox 268 2350 390 2429; x_wconf 81' lang='grc' dir='ltr'>βούλεσθε</span> <span class='ocrx_word' id='word_1_182' title='bbox 412 2347 533 2420; x_wconf 79' lang='grc' dir='ltr'>ἀκούειν,</span> <span class='ocrx_word' id='word_1_183' title='bbox 552 2343 717 2423; x_wconf 87' lang='grc' dir='ltr'>τυραννικόν.</span> <span class='ocrx_word' id='word_1_184' title='bbox 766 2341 840 2421; x_wconf 84' lang='grc' dir='ltr'><strong>Ἐγὼ</strong></span> <span class='ocrx_word' id='word_1_185' title='bbox 866 2343 893 2403; x_wconf 78' lang='lat' dir='ltr'><strong>al</strong></span> 
     </span>
    </p>

    <p class='ocr_par' dir='ltr' id='par_1_24' title="bbox 114 2426 893 2517">
     <span class='ocr_line' id='line_1_24' title="bbox 114 2426 893 2517; baseline -0.008 -24"><span class='ocrx_word' id='word_1_186' title='bbox 114 2466 128 2493; x_wconf 82' lang='grc' dir='ltr'><strong>ι</strong></span> <span class='ocrx_word' id='word_1_187' title='bbox 140 2438 334 2517; x_wconf 79' lang='grc' dir='ltr'>παραινέσαιμι</span> <span class='ocrx_word' id='word_1_188' title='bbox 356 2436 387 2495; x_wconf 81' lang='grc' dir='ltr'><strong>δν</strong></span> <span class='ocrx_word' id='word_1_189' title='bbox 408 2441 489 2511; x_wconf 82' lang='grc' dir='ltr'>ύμῖν,</span> <span class='ocrx_word' id='word_1_190' title='bbox 506 2426 543 2492; x_wconf 75' lang='grc' dir='ltr'><strong>ὧν</strong></span> <span class='ocrx_word' id='word_1_191' title='bbox 559 2432 607 2510; x_wconf 79' lang='grc' dir='ltr'><strong>μὲν</strong></span> <span class='ocrx_word' id='word_1_192' title='bbox 631 2432 736 2513; x_wconf 78' lang='grc' dir='ltr'>εὕρεσθε</span> <span class='ocrx_word' id='word_1_193' title='bbox 753 2430 827 2511; x_wconf 73' lang='grc' dir='ltr'>παρὰ</span> <span class='ocrx_word' id='word_1_194' title='bbox 846 2435 893 2504; x_wconf 77' lang='grc' dir='ltr'><strong>τῆς</strong></span> 
     </span>
    </p>

    <p class='ocr_par' dir='ltr' id='par_1_25' title="bbox 115 2510 891 2608">
     <span class='ocr_line' id='line_1_25' title="bbox 115 2510 891 2608; baseline -0.003 -26"><span class='ocrx_word' id='word_1_195' title='bbox 115 2531 238 2607; x_wconf 73' lang='grc' dir='ltr'>«βουλῆς</span> <span class='ocrx_word' id='word_1_196' title='bbox 260 2524 450 2608; x_wconf 83' lang='grc' dir='ltr'>φιλανθρώπων</span> <span class='ocrx_word' id='word_1_197' title='bbox 476 2522 587 2600; x_wconf 79' lang='grc' dir='ltr'>μηδενὸς</span> <span class='ocrx_word' id='word_1_198' title='bbox 611 2521 780 2602; x_wconf 87' lang='grc' dir='ltr'>ἀφίστασθαι·</span> <span class='ocrx_word' id='word_1_199' title='bbox 804 2510 842 2579; x_wconf 72' lang='grc' dir='ltr'><strong>ὧν</strong></span> <span class='ocrx_word' id='word_1_200' title='bbox 864 2519 891 2580; x_wconf 86' lang='grc' dir='ltr'>δί</span> 
     </span>
    </p>

    <p class='ocr_par' dir='ltr' id='par_1_26' title="bbox 58 2606 889 2783">
     <span class='ocr_line' id='line_1_26' title="bbox 58 2606 889 2690; baseline -0.01 -15"><span class='ocrx_word' id='word_1_201' title='bbox 58 2636 85 2675; x_wconf 79' lang='lat' dir='ltr'><strong>aa</strong></span> <span class='ocrx_word' id='word_1_202' title='bbox 115 2643 128 2670; x_wconf 79' lang='grc' dir='ltr'><strong>α</strong></span> <span class='ocrx_word' id='word_1_203' title='bbox 143 2619 189 2675; x_wconf 86' lang='grc' dir='ltr'><strong>οὐκ</strong></span> <span class='ocrx_word' id='word_1_204' title='bbox 204 2614 337 2686; x_wconf 81' lang='grc' dir='ltr'>ἠξιώσατε</span> <span class='ocrx_word' id='word_1_205' title='bbox 353 2613 520 2689; x_wconf 86' lang='grc' dir='ltr'>διαλυόμενοι</span> <span class='ocrx_word' id='word_1_206' title='bbox 538 2608 586 2681; x_wconf 80' lang='grc' dir='ltr'><strong>τὴν</strong></span> <span class='ocrx_word' id='word_1_207' title='bbox 609 2609 705 2690; x_wconf 87' lang='grc' dir='ltr'>ἔχθραν</span> <span class='ocrx_word' id='word_1_208' title='bbox 727 2606 787 2667; x_wconf 91' lang='grc' dir='ltr'>τότε</span> <span class='ocrx_word' id='word_1_209' title='bbox 801 2617 889 2688; x_wconf 80' lang='grc' dir='ltr'>τυχεῖν</span> 
     </span>
     <span class='ocr_line' id='line_1_27' title="bbox 115 2703 493 2783; baseline 0.008 -26"><span class='ocrx_word' id='word_1_210' title='bbox 115 2732 128 2759; x_wconf 77' lang='grc' dir='ltr'>ο</span> <span class='ocrx_word' id='word_1_211' title='bbox 145 2703 212 2783; x_wconf 77' lang='grc' dir='ltr'>μηδὲ</span> <span class='ocrx_word' id='word_1_212' title='bbox 228 2709 272 2762; x_wconf 92' lang='grc' dir='ltr'><strong>νῦν</strong></span> <span class='ocrx_word' id='word_1_213' title='bbox 290 2705 493 2762; x_wconf 84' lang='grc' dir='ltr'>ἀντιποιεῖσθαι.</span> 
     </span>
    </p>

    <p class='ocr_par' dir='ltr' id='par_1_27' title="bbox 153 2784 886 2867">
     <span class='ocr_line' id='line_1_28' title="bbox 153 2784 886 2867; baseline -0.016 -12"><span class='ocrx_word' id='word_1_214' title='bbox 153 2795 256 2855; x_wconf 76' lang='lat' dir='ltr'><strong>xxxi.</strong></span> <span class='ocrx_word' id='word_1_215' title='bbox 279 2819 291 2845; x_wconf 75' lang='lat' dir='ltr'><strong>a</strong></span> <span class='ocrx_word' id='word_1_216' title='bbox 316 2786 376 2852; x_wconf 87' lang='grc' dir='ltr'><strong>Ἵνα</strong></span> <span class='ocrx_word' id='word_1_217' title='bbox 391 2788 418 2848; x_wconf 78' lang='grc' dir='ltr'><strong>δὲ</strong></span> <span class='ocrx_word' id='word_1_218' title='bbox 442 2789 542 2865; x_wconf 81' lang='grc' dir='ltr'>μᾶλλον</span> <span class='ocrx_word' id='word_1_219' title='bbox 558 2790 620 2863; x_wconf 81' lang='grc' dir='ltr'>ὑμῖν</span> <span class='ocrx_word' id='word_1_220' title='bbox 636 2786 744 2867; x_wconf 80' lang='grc' dir='ltr'>γίνηται</span> <span class='ocrx_word' id='word_1_221' title='bbox 761 2784 886 2866; x_wconf 76' lang='grc' dir='ltr'>φανερόν,</span> 
     </span>
    </p>

    <p class='ocr_par' dir='ltr' id='par_1_28' title="bbox 114 2872 891 2958">
     <span class='ocr_line' id='line_1_29' title="bbox 114 2872 891 2958; baseline -0.014 -16"><span class='ocrx_word' id='word_1_222' title='bbox 114 2909 127 2935; x_wconf 78' lang='grc' dir='ltr'><strong>α</strong></span> <span class='ocrx_word' id='word_1_223' title='bbox 142 2881 182 2941; x_wconf 80' lang='grc' dir='ltr'><strong>ὅτι</strong></span> <span class='ocrx_word' id='word_1_224' title='bbox 199 2881 271 2941; x_wconf 82' lang='grc' dir='ltr'>οὐθὲν</span> <span class='ocrx_word' id='word_1_225' title='bbox 291 2879 349 2939; x_wconf 83' lang='grc' dir='ltr'>οὔτε</span> <span class='ocrx_word' id='word_1_226' title='bbox 366 2876 469 2958; x_wconf 83' lang='grc' dir='ltr'>μέτριον</span> <span class='ocrx_word' id='word_1_227' title='bbox 485 2875 545 2936; x_wconf 84' lang='grc' dir='ltr'>οὔτε</span> <span class='ocrx_word' id='word_1_228' title='bbox 560 2875 658 2935; x_wconf 87' lang='grc' dir='ltr'>δίκαιον</span> <span class='ocrx_word' id='word_1_229' title='bbox 678 2872 792 2942; x_wconf 80' lang='grc' dir='ltr'>ἀξιοῦσιν</span> <span class='ocrx_word' id='word_1_230' title='bbox 805 2877 830 2933; x_wconf 80' lang='grc' dir='ltr'>οἱ</span> <span class='ocrx_word' id='word_1_231' title='bbox 846 2875 891 2947; x_wconf 85' lang='grc' dir='ltr'>θη·</span> 
     </span>
    </p>

    <p class='ocr_par' dir='ltr' id='par_1_29' title="bbox 114 2960 891 3052">
     <span class='ocr_line' id='line_1_30' title="bbox 114 2960 891 3052; baseline -0.008 -23"><span class='ocrx_word' id='word_1_232' title='bbox 114 2998 127 3024; x_wconf 78' lang='grc' dir='ltr'><strong>α</strong></span> <span class='ocrx_word' id='word_1_233' title='bbox 143 2972 278 3052; x_wconf 79' lang='grc' dir='ltr'>μαγωγοί,</span> <span class='ocrx_word' id='word_1_234' title='bbox 299 2966 369 3027; x_wconf 80' lang='grc' dir='ltr'><strong>ἀλλά</strong></span> <span class='ocrx_word' id='word_1_235' title='bbox 385 2965 546 3045; x_wconf 89' lang='grc' dir='ltr'>παρανόμων</span> <span class='ocrx_word' id='word_1_236' title='bbox 560 2987 589 3023; x_wconf 90' lang='grc' dir='ltr'><strong>τε</strong></span> <span class='ocrx_word' id='word_1_237' title='bbox 601 2965 646 3024; x_wconf 79' lang='grc' dir='ltr'><strong>καὶ</strong></span> <span class='ocrx_word' id='word_1_238' title='bbox 657 2961 792 3022; x_wconf 88' lang='grc' dir='ltr'>ἀδυνάτων</span> <span class='ocrx_word' id='word_1_239' title='bbox 804 2960 891 3044; x_wconf 83' lang='grc' dir='ltr'>ἐφίεν·</span> 
     </span>
    </p>

    <p class='ocr_par' dir='ltr' id='par_1_30' title="bbox 59 3052 891 3136">
     <span class='ocr_line' id='line_1_31' title="bbox 59 3052 891 3136; baseline -0.007 -16"><span class='ocrx_word' id='word_1_240' title='bbox 59 3086 87 3125; x_wconf 86' lang='lat' dir='ltr'><strong>ao</strong></span> <span class='ocrx_word' id='word_1_241' title='bbox 114 3083 203 3133; x_wconf 83' lang='grc' dir='ltr'>«ται,</span> <span class='ocrx_word' id='word_1_242' title='bbox 228 3056 424 3136; x_wconf 75' lang='grc' dir='ltr'>μετενεγκόντες</span> <span class='ocrx_word' id='word_1_243' title='bbox 443 3054 474 3114; x_wconf 87' lang='grc' dir='ltr'><strong>τδ</strong></span> <span class='ocrx_word' id='word_1_244' title='bbox 494 3062 606 3135; x_wconf 81' lang='grc' dir='ltr'>πρᾶγμα</span> <span class='ocrx_word' id='word_1_245' title='bbox 633 3052 672 3134; x_wconf 82' lang='grc' dir='ltr'><strong>ἐφ’</strong></span> <span class='ocrx_word' id='word_1_246' title='bbox 691 3054 798 3120; x_wconf 81' lang='grc' dir='ltr'>ἑαυτοῦς</span> <span class='ocrx_word' id='word_1_247' title='bbox 823 3052 891 3114; x_wconf 72' lang='lat' dir='ltr'><strong>aim</strong></span> 
     </span>
    </p>

    <p class='ocr_par' dir='ltr' id='par_1_31' title="bbox 115 3141 890 3222">
     <span class='ocr_line' id='line_1_32' title="bbox 115 3141 890 3222; baseline -0.008 -16"><span class='ocrx_word' id='word_1_248' title='bbox 115 3151 281 3220; x_wconf 80' lang='grc' dir='ltr'>«σκοπεῖτε,</span> <span class='ocrx_word' id='word_1_249' title='bbox 304 3146 350 3206; x_wconf 80' lang='grc' dir='ltr'><strong>καὶ</strong></span> <span class='ocrx_word' id='word_1_250' title='bbox 366 3141 512 3203; x_wconf 80' lang='grc' dir='ltr'>ύπολάῦετε</span> <span class='ocrx_word' id='word_1_251' title='bbox 526 3142 585 3210; x_wconf 84' lang='grc' dir='ltr'>τοῦς</span> <span class='ocrx_word' id='word_1_252' title='bbox 599 3141 758 3222; x_wconf 74' lang='grc' dir='ltr'>μετέχοντας</span> <span class='ocrx_word' id='word_1_253' title='bbox 779 3146 824 3201; x_wconf 82' lang='grc' dir='ltr'><strong>τοῦ</strong></span> <span class='ocrx_word' id='word_1_254' title='bbox 842 3165 890 3200; x_wconf 87' lang='grc' dir='ltr'>συ-</span> 
     </span>
    </p>

    <p class='ocr_par' dir='ltr' id='par_1_32' title="bbox 115 3228 891 3318">
     <span class='ocr_line' id='line_1_33' title="bbox 115 3228 891 3318; baseline -0.015 -22"><span class='ocrx_word' id='word_1_255' title='bbox 115 3265 127 3291; x_wconf 85' lang='lat'>«</span> <span class='ocrx_word' id='word_1_256' title='bbox 142 3239 241 3318; x_wconf 87' lang='grc' dir='ltr'>νεδρίου</span> <span class='ocrx_word' id='word_1_257' title='bbox 259 3243 312 3304; x_wconf 86' lang='grc' dir='ltr'>τοῖς</span> <span class='ocrx_word' id='word_1_258' title='bbox 331 3236 358 3294; x_wconf 77' lang='grc' dir='ltr'><strong>ἔν</strong></span> <span class='ocrx_word' id='word_1_259' title='bbox 374 3234 436 3311; x_wconf 80' lang='grc' dir='ltr'>ὑμῖν</span> <span class='ocrx_word' id='word_1_260' title='bbox 455 3231 667 3305; x_wconf 82' lang='grc' dir='ltr'>πολιτευομένοις</span> <span class='ocrx_word' id='word_1_261' title='bbox 689 3230 829 3308; x_wconf 76' lang='grc' dir='ltr'>ἐγκαλεῖν,</span> <span class='ocrx_word' id='word_1_262' title='bbox 850 3228 891 3289; x_wconf 79' lang='grc' dir='ltr'><strong>ὅτι</strong></span> 
     </span>
    </p>

    <p class='ocr_par' dir='ltr' id='par_1_33' title="bbox 116 3317 890 3404">
     <span class='ocr_line' id='line_1_34' title="bbox 116 3317 890 3404; baseline -0.01 -20"><span class='ocrx_word' id='word_1_263' title='bbox 116 3351 128 3377; x_wconf 75' lang='grc' dir='ltr'>ο</span> <span class='ocrx_word' id='word_1_264' title='bbox 142 3322 270 3404; x_wconf 85' lang='grc' dir='ltr'>ποηνροῦς</span> <span class='ocrx_word' id='word_1_265' title='bbox 289 3321 359 3380; x_wconf 73' lang='grc' dir='ltr'>κατὰ</span> <span class='ocrx_word' id='word_1_266' title='bbox 381 3325 428 3392; x_wconf 70' lang='grc' dir='ltr'><strong>τῆς</strong></span> <span class='ocrx_word' id='word_1_267' title='bbox 450 3322 547 3398; x_wconf 83' lang='grc' dir='ltr'>βουλῆς</span> <span class='ocrx_word' id='word_1_268' title='bbox 568 3317 726 3378; x_wconf 86' lang='grc' dir='ltr'>διατίθενται</span> <span class='ocrx_word' id='word_1_269' title='bbox 749 3317 840 3394; x_wconf 86' lang='grc' dir='ltr'>λόγους</span> <span class='ocrx_word' id='word_1_270' title='bbox 863 3321 890 3376; x_wconf 81' lang='grc' dir='ltr'><strong>ἐν</strong></span> 
     </span>
    </p>

    <p class='ocr_par' dir='ltr' id='par_1_34' title="bbox 116 3407 893 3489">
     <span class='ocr_line' id='line_1_35' title="bbox 116 3407 893 3489; baseline -0.005 -23"><span class='ocrx_word' id='word_1_271' title='bbox 116 3440 128 3467; x_wconf 80' lang='grc' dir='ltr'>ο</span> <span class='ocrx_word' id='word_1_272' title='bbox 143 3417 221 3489; x_wconf 82' lang='grc' dir='ltr'>ύμῖν,</span> <span class='ocrx_word' id='word_1_273' title='bbox 253 3410 298 3470; x_wconf 83' lang='grc' dir='ltr'><strong>καὶ</strong></span> <span class='ocrx_word' id='word_1_274' title='bbox 326 3407 487 3468; x_wconf 89' lang='grc' dir='ltr'>καταλύουσι</span> <span class='ocrx_word' id='word_1_275' title='bbox 515 3408 563 3478; x_wconf 73' lang='grc' dir='ltr'><strong>τὴν</strong></span> <span class='ocrx_word' id='word_1_276' title='bbox 595 3407 706 3484; x_wconf 87' lang='grc' dir='ltr'>πάτριον</span> <span class='ocrx_word' id='word_1_277' title='bbox 739 3407 893 3486; x_wconf 88' lang='grc' dir='ltr'>ἀριστοκρα-</span> 
     </span>
    </p>

    <p class='ocr_par' dir='ltr' id='par_1_35' title="bbox 60 3491 892 3573">
     <span class='ocr_line' id='line_1_36' title="bbox 60 3491 892 3573; baseline -0.011 -10"><span class='ocrx_word' id='word_1_278' title='bbox 60 3525 89 3566; x_wconf 81' lang='lat' dir='ltr'><strong>ss</strong></span> <span class='ocrx_word' id='word_1_279' title='bbox 117 3529 130 3555; x_wconf 75' lang='grc' dir='ltr'><strong>α</strong></span> <span class='ocrx_word' id='word_1_280' title='bbox 143 3504 217 3573; x_wconf 86' lang='grc' dir='ltr'>τίαν,</span> <span class='ocrx_word' id='word_1_281' title='bbox 233 3499 278 3559; x_wconf 79' lang='grc' dir='ltr'><strong>καί</strong></span> <span class='ocrx_word' id='word_1_282' title='bbox 292 3495 506 3565; x_wconf 76' lang='grc' dir='ltr'>διαστασιάζουσι</span> <span class='ocrx_word' id='word_1_283' title='bbox 521 3495 569 3568; x_wconf 78' lang='grc' dir='ltr'><strong>τὴν</strong></span> <span class='ocrx_word' id='word_1_284' title='bbox 581 3494 673 3566; x_wconf 89' lang='grc' dir='ltr'>πόλιν,</span> <span class='ocrx_word' id='word_1_285' title='bbox 687 3491 794 3551; x_wconf 76' lang='grc' dir='ltr'>ἅπαντα</span> <span class='ocrx_word' id='word_1_286' title='bbox 809 3499 892 3554; x_wconf 87' lang='grc' dir='ltr'>ταῦτα</span> 
     </span>
    </p>

    <p class='ocr_par' dir='ltr' id='par_1_36' title="bbox 118 3580 893 3665">
     <span class='ocr_line' id='line_1_37' title="bbox 118 3580 893 3665; baseline -0.01 -18"><span class='ocrx_word' id='word_1_287' title='bbox 118 3591 266 3665; x_wconf 78' lang='grc' dir='ltr'>«λέγοντας</span> <span class='ocrx_word' id='word_1_288' title='bbox 286 3588 380 3657; x_wconf 80' lang='grc' dir='ltr'>ἀληθῆ·</span> <span class='ocrx_word' id='word_1_289' title='bbox 402 3590 506 3644; x_wconf 87' lang='grc' dir='ltr'>ποιοῦσι</span> <span class='ocrx_word' id='word_1_290' title='bbox 522 3582 575 3664; x_wconf 74' lang='grc' dir='ltr'><strong>γάρ</strong></span> <span class='ocrx_word' id='word_1_291' title='bbox 597 3588 692 3642; x_wconf 89' lang='grc' dir='ltr'>ταῦτα·</span> <span class='ocrx_word' id='word_1_292' title='bbox 710 3580 758 3640; x_wconf 81' lang='grc' dir='ltr'><strong>καί</strong></span> <span class='ocrx_word' id='word_1_293' title='bbox 778 3584 808 3640; x_wconf 84' lang='grc' dir='ltr'><strong>τὸ</strong></span> <span class='ocrx_word' id='word_1_294' title='bbox 821 3582 893 3641; x_wconf 88' lang='grc' dir='ltr'>πάν-</span> 
     </span>
    </p>

    <p class='ocr_par' dir='ltr' id='par_1_37' title="bbox 118 3668 894 3754">
     <span class='ocr_line' id='line_1_38' title="bbox 118 3668 894 3754; baseline 0 -24"><span class='ocrx_word' id='word_1_295' title='bbox 118 3701 198 3734; x_wconf 86' lang='grc' dir='ltr'>«των</span> <span class='ocrx_word' id='word_1_296' title='bbox 216 3671 424 3754; x_wconf 86' lang='grc' dir='ltr'>χαλεπώτατον,</span> <span class='ocrx_word' id='word_1_297' title='bbox 447 3669 486 3730; x_wconf 83' lang='grc' dir='ltr'><strong>ότι</strong></span> <span class='ocrx_word' id='word_1_298' title='bbox 514 3670 669 3731; x_wconf 87' lang='grc' dir='ltr'>δυναστείαν</span> <span class='ocrx_word' id='word_1_299' title='bbox 688 3668 894 3748; x_wconf 86' lang='grc' dir='ltr'>περιόάλλονται</span> 
     </span>
    </p>

    <p class='ocr_par' dir='ltr' id='par_1_38' title="bbox 118 3758 892 3842">
     <span class='ocr_line' id='line_1_39' title="bbox 118 3758 892 3842; baseline 0.004 -23"><span class='ocrx_word' id='word_1_300' title='bbox 118 3794 131 3819; x_wconf 75' lang='grc' dir='ltr'><strong>ι</strong></span> <span class='ocrx_word' id='word_1_301' title='bbox 146 3765 252 3842; x_wconf 82' lang='grc' dir='ltr'>μείζονα</span> <span class='ocrx_word' id='word_1_302' title='bbox 265 3766 313 3832; x_wconf 79' lang='grc' dir='ltr'><strong>τῆς</strong></span> <span class='ocrx_word' id='word_1_303' title='bbox 326 3758 561 3839; x_wconf 83' lang='grc' dir='ltr'>συγκεχωρημίνης</span> <span class='ocrx_word' id='word_1_304' title='bbox 578 3764 677 3832; x_wconf 86' lang='grc' dir='ltr'>αὐτοῖς,</span> <span class='ocrx_word' id='word_1_305' title='bbox 689 3759 795 3838; x_wconf 83' lang='grc' dir='ltr'>ἄκριτον</span> <span class='ocrx_word' id='word_1_306' title='bbox 810 3764 892 3822; x_wconf 83' lang='grc' dir='ltr'>ἀποκ·</span> 
     </span>
    </p>

    <p class='ocr_par' dir='ltr' id='par_1_39' title="bbox 117 3846 893 3929">
     <span class='ocr_line' id='line_1_40' title="bbox 117 3846 893 3929; baseline 0.003 -23"><span class='ocrx_word' id='word_1_307' title='bbox 117 3883 130 3908; x_wconf 81' lang='grc' dir='ltr'>ο</span> <span class='ocrx_word' id='word_1_308' title='bbox 145 3855 236 3912; x_wconf 88' lang='grc' dir='ltr'>τείνειν</span> <span class='ocrx_word' id='word_1_309' title='bbox 270 3852 462 3929; x_wconf 77' lang='grc' dir='ltr'>ἀπιχειροῦντες</span> <span class='ocrx_word' id='word_1_310' title='bbox 487 3849 515 3908; x_wconf 88' lang='grc' dir='ltr'><strong>θν</strong></span> <span class='ocrx_word' id='word_1_311' title='bbox 547 3847 578 3906; x_wconf 73' lang='grc' dir='ltr'><strong>ἀν</strong></span> <span class='ocrx_word' id='word_1_312' title='bbox 611 3850 735 3907; x_wconf 78' lang='grc' dir='ltr'>ἐθέλωσιν</span> <span class='ocrx_word' id='word_1_313' title='bbox 758 3846 783 3916; x_wconf 83' lang='grc' dir='ltr'><strong>ἐξ</strong></span> <span class='ocrx_word' id='word_1_314' title='bbox 807 3852 893 3927; x_wconf 78' lang='grc' dir='ltr'>ἡμῶν·</span> 
     </span>
    </p>

    <p class='ocr_par' dir='ltr' id='par_1_40' title="bbox 117 3934 894 4015">
     <span class='ocr_line' id='line_1_41' title="bbox 117 3934 894 4015; baseline 0.004 -18"><span class='ocrx_word' id='word_1_315' title='bbox 117 3972 129 3998; x_wconf 77' lang='grc' dir='ltr'><strong>ι</strong></span> <span class='ocrx_word' id='word_1_316' title='bbox 144 3945 190 4002; x_wconf 81' lang='grc' dir='ltr'><strong>καὶ</strong></span> <span class='ocrx_word' id='word_1_317' title='bbox 214 3940 253 4000; x_wconf 81' lang='grc' dir='ltr'><strong>δτι</strong></span> <span class='ocrx_word' id='word_1_318' title='bbox 276 3940 317 3998; x_wconf 86' lang='grc' dir='ltr'><strong>δεῖ</strong></span> <span class='ocrx_word' id='word_1_319' title='bbox 338 3934 397 4004; x_wconf 77' lang='grc' dir='ltr'>τοῦ,</span> <span class='ocrx_word' id='word_1_320' title='bbox 432 3943 516 3999; x_wconf 90' lang='grc' dir='ltr'>ταῦτα</span> <span class='ocrx_word' id='word_1_321' title='bbox 539 3942 678 4006; x_wconf 86' lang='grc' dir='ltr'>ποιοῦντας</span> <span class='ocrx_word' id='word_1_322' title='bbox 702 3940 823 4001; x_wconf 88' lang='grc' dir='ltr'>τεθνάναι</span> <span class='ocrx_word' id='word_1_323' title='bbox 850 3967 894 4015; x_wconf 88' lang='grc' dir='ltr'>νη·</span> 
     </span>
    </p>

    <p class='ocr_par' dir='ltr' id='par_1_41' title="bbox 118 4028 894 4107">
     <span class='ocr_line' id='line_1_42' title="bbox 118 4028 894 4107; baseline 0.005 -21"><span class='ocrx_word' id='word_1_324' title='bbox 118 4061 130 4086; x_wconf 78' lang='grc' dir='ltr'><strong>ι</strong></span> <span class='ocrx_word' id='word_1_325' title='bbox 145 4033 223 4090; x_wconf 92' lang='grc' dir='ltr'>ποινί·</span> <span class='ocrx_word' id='word_1_326' title='bbox 237 4035 294 4099; x_wconf 78' lang='grc' dir='ltr'>πῶς</span> <span class='ocrx_word' id='word_1_327' title='bbox 312 4030 344 4089; x_wconf 81' lang='grc' dir='ltr'><strong>ἀν</strong></span> <span class='ocrx_word' id='word_1_328' title='bbox 373 4030 445 4106; x_wconf 84' lang='grc' dir='ltr'>ὑμεῖς</span> <span class='ocrx_word' id='word_1_329' title='bbox 465 4028 595 4107; x_wconf 78' lang='grc' dir='ltr'>ἀνίγκοιτε</span> <span class='ocrx_word' id='word_1_330' title='bbox 624 4030 671 4102; x_wconf 78' lang='grc' dir='ltr'><strong>τὴν</strong></span> <span class='ocrx_word' id='word_1_331' title='bbox 692 4030 831 4090; x_wconf 83' lang='grc' dir='ltr'>αὐθάδειαν</span> <span class='ocrx_word' id='word_1_332' title='bbox 850 4037 894 4091; x_wconf 89' lang='grc' dir='ltr'><strong>τοῦ</strong></span> 
     </span>
    </p>

    <p class='ocr_par' dir='ltr' id='par_1_42' title="bbox 117 4112 894 4200">
     <span class='ocr_line' id='line_1_43' title="bbox 117 4112 894 4200; baseline 0.005 -25"><span class='ocrx_word' id='word_1_333' title='bbox 117 4151 129 4175; x_wconf 76' lang='lat' dir='ltr'><strong>a</strong></span> <span class='ocrx_word' id='word_1_334' title='bbox 147 4121 294 4200; x_wconf 89' lang='grc' dir='ltr'>συνεδρίου,</span> <span class='ocrx_word' id='word_1_335' title='bbox 308 4120 354 4178; x_wconf 82' lang='grc' dir='ltr'><strong>καί</strong></span> <span class='ocrx_word' id='word_1_336' title='bbox 369 4117 396 4177; x_wconf 90' lang='grc' dir='ltr'><strong>τί</strong></span> <span class='ocrx_word' id='word_1_337' title='bbox 421 4118 453 4178; x_wconf 77' lang='grc' dir='ltr'><strong>δν</strong></span> <span class='ocrx_word' id='word_1_338' title='bbox 476 4119 592 4198; x_wconf 80' lang='grc' dir='ltr'>εἴποιτε,</span> <span class='ocrx_word' id='word_1_339' title='bbox 606 4112 649 4200; x_wconf 81' lang='grc' dir='ltr'><strong>ἀρ’</strong></span> <span class='ocrx_word' id='word_1_340' title='bbox 669 4123 716 4179; x_wconf 83' lang='grc' dir='ltr'><strong>οῦκ</strong></span> <span class='ocrx_word' id='word_1_341' title='bbox 735 4119 766 4179; x_wconf 81' lang='grc' dir='ltr'><strong>δν</strong></span> <span class='ocrx_word' id='word_1_342' title='bbox 782 4122 894 4199; x_wconf 88' lang='grc' dir='ltr'>ἀγανακ·</span> 
     </span>
    </p>

    <p class='ocr_par' dir='ltr' id='par_1_43' title="bbox 117 4206 893 4290">
     <span class='ocr_line' id='line_1_44' title="bbox 117 4206 893 4290; baseline 0.006 -25"><span class='ocrx_word' id='word_1_343' title='bbox 117 4238 129 4264; x_wconf 78' lang='grc' dir='ltr'>ο</span> <span class='ocrx_word' id='word_1_344' title='bbox 143 4210 253 4282; x_wconf 73' lang='grc' dir='ltr'>τάσαιτε</span> <span class='ocrx_word' id='word_1_345' title='bbox 274 4207 320 4269; x_wconf 84' lang='grc' dir='ltr'><strong>καλ</strong></span> <span class='ocrx_word' id='word_1_346' title='bbox 340 4206 411 4267; x_wconf 86' lang='grc' dir='ltr'>δεινδι</span> <span class='ocrx_word' id='word_1_347' title='bbox 432 4207 528 4286; x_wconf 89' lang='grc' dir='ltr'>φαίητε</span> <span class='ocrx_word' id='word_1_348' title='bbox 548 4208 681 4289; x_wconf 88' lang='grc' dir='ltr'>πάσχειν,</span> <span class='ocrx_word' id='word_1_349' title='bbox 708 4213 731 4269; x_wconf 81' lang='grc' dir='ltr'><strong>εἰ</strong></span> <span class='ocrx_word' id='word_1_350' title='bbox 751 4210 798 4281; x_wconf 67' lang='lat' dir='ltr'><strong>riv</strong></span> <span class='ocrx_word' id='word_1_351' title='bbox 822 4235 893 4290; x_wconf 90' lang='grc' dir='ltr'>παρ-</span> 
     </span>
    </p>

    <p class='ocr_par' dir='ltr' id='par_1_44' title="bbox 117 4299 895 4381">
     <span class='ocr_line' id='line_1_45' title="bbox 117 4299 895 4381; baseline 0.009 -27"><span class='ocrx_word' id='word_1_352' title='bbox 117 4327 129 4354; x_wconf 80' lang='lat' dir='ltr'><strong>a</strong></span> <span class='ocrx_word' id='word_1_353' title='bbox 145 4300 238 4381; x_wconf 90' lang='grc' dir='ltr'>ρησίαν</span> <span class='ocrx_word' id='word_1_354' title='bbox 258 4299 434 4381; x_wconf 78' lang='grc' dir='ltr'>ἀφαιρήσεταί</span> <span class='ocrx_word' id='word_1_355' title='bbox 460 4324 500 4368; x_wconf 91' lang='grc' dir='ltr'><strong>τις</strong></span> <span class='ocrx_word' id='word_1_356' title='bbox 522 4303 591 4378; x_wconf 76' lang='grc' dir='ltr'>ὑμᾶς</span> <span class='ocrx_word' id='word_1_357' title='bbox 606 4299 651 4358; x_wconf 78' lang='grc' dir='ltr'><strong>καὶ</strong></span> <span class='ocrx_word' id='word_1_358' title='bbox 664 4305 712 4372; x_wconf 70' lang='grc' dir='ltr'><strong>τὴν</strong></span> <span class='ocrx_word' id='word_1_359' title='bbox 733 4300 895 4380; x_wconf 88' lang='grc' dir='ltr'>ἐλευθερίαν,</span> 
     </span>
    </p>

    <p class='ocr_par' dir='ltr' id='par_1_45' title="bbox 61 4386 896 4469">
     <span class='ocr_line' id='line_1_46' title="bbox 61 4386 896 4469; baseline 0.004 -24"><span class='ocrx_word' id='word_1_360' title='bbox 61 4407 87 4446; x_wconf 82' lang='lat' dir='ltr'><strong>ss</strong></span> <span class='ocrx_word' id='word_1_361' title='bbox 117 4414 130 4440; x_wconf 77' lang='grc' dir='ltr'><strong>ιι</strong></span> <span class='ocrx_word' id='word_1_362' title='bbox 144 4388 186 4446; x_wconf 81' lang='grc' dir='ltr'><strong>τὸν</strong></span> <span class='ocrx_word' id='word_1_363' title='bbox 206 4386 272 4468; x_wconf 73' lang='grc' dir='ltr'>ὑπὲρ</span> <span class='ocrx_word' id='word_1_364' title='bbox 287 4391 340 4447; x_wconf 83' lang='grc' dir='ltr'><strong>τῶν</strong></span> <span class='ocrx_word' id='word_1_365' title='bbox 365 4387 484 4469; x_wconf 82' lang='grc' dir='ltr'>ε’σχάτων</span> <span class='ocrx_word' id='word_1_366' title='bbox 509 4387 626 4448; x_wconf 90' lang='grc' dir='ltr'>κίνδυνον</span> <span class='ocrx_word' id='word_1_367' title='bbox 646 4389 741 4456; x_wconf 76' lang='grc' dir='ltr'>ἐπιθείς</span> <span class='ocrx_word' id='word_1_368' title='bbox 754 4399 807 4457; x_wconf 87' lang='grc' dir='ltr'>τοῖς</span> <span class='ocrx_word' id='word_1_369' title='bbox 825 4390 896 4448; x_wconf 76' lang='grc' dir='ltr'>ἀλευ-</span> 
     </span>
    </p>

    <p class='ocr_par' dir='ltr' id='par_1_46' title="bbox 117 4475 895 4558">
     <span class='ocr_line' id='line_1_47' title="bbox 117 4475 895 4558; baseline 0.008 -28"><span class='ocrx_word' id='word_1_370' title='bbox 117 4503 129 4529; x_wconf 82' lang='lat' dir='ltr'><strong>u</strong></span> <span class='ocrx_word' id='word_1_371' title='bbox 144 4477 221 4555; x_wconf 75' lang='grc' dir='ltr'>θύραν</span> <span class='ocrx_word' id='word_1_372' title='bbox 239 4477 327 4558; x_wconf 84' lang='grc' dir='ltr'>φωνὴν</span> <span class='ocrx_word' id='word_1_373' title='bbox 351 4475 418 4557; x_wconf 78' lang='grc' dir='ltr'>ύπδρ</span> <span class='ocrx_word' id='word_1_374' title='bbox 443 4480 489 4535; x_wconf 91' lang='grc' dir='ltr'><strong>τοῦ</strong></span> <span class='ocrx_word' id='word_1_375' title='bbox 512 4475 596 4554; x_wconf 80' lang='grc' dir='ltr'>δήμου</span> <span class='ocrx_word' id='word_1_376' title='bbox 625 4475 827 4558; x_wconf 78' lang='grc' dir='ltr'>φθεγξαμένοις,</span> <span class='ocrx_word' id='word_1_377' title='bbox 847 4478 895 4536; x_wconf 84' lang='grc' dir='ltr'><strong>οῦκ</strong></span> 
     </span>
    </p>

    <p class='ocr_par' dir='ltr' id='par_1_47' title="bbox 118 4563 894 4637">
     <span class='ocr_line' id='line_1_48' title="bbox 118 4563 894 4637; baseline 0.003 -15"><span class='ocrx_word' id='word_1_378' title='bbox 118 4590 131 4616; x_wconf 76' lang='grc' dir='ltr'><strong>α</strong></span> <span class='ocrx_word' id='word_1_379' title='bbox 149 4563 246 4626; x_wconf 79' lang='grc' dir='ltr'>ἔνεστιν</span> <span class='ocrx_word' id='word_1_380' title='bbox 266 4569 353 4637; x_wconf 81' lang='grc' dir='ltr'>ἄλλως</span> <span class='ocrx_word' id='word_1_381' title='bbox 377 4572 471 4629; x_wconf 78' lang='grc' dir='ltr'>εἰπεῖν.</span> <span class='ocrx_word' id='word_1_382' title='bbox 515 4565 630 4629; x_wconf 79' lang='grc' dir='ltr'>Ἔπειτα</span> <span class='ocrx_word' id='word_1_383' title='bbox 649 4567 667 4627; x_wconf 84' lang='grc' dir='ltr'>θ</span> <span class='ocrx_word' id='word_1_384' title='bbox 694 4569 786 4627; x_wconf 86' lang='grc' dir='ltr'>παθεῖν</span> <span class='ocrx_word' id='word_1_385' title='bbox 801 4568 848 4625; x_wconf 86' lang='grc' dir='ltr'><strong>οῦκ</strong></span> <span class='ocrx_word' id='word_1_386' title='bbox 863 4565 894 4624; x_wconf 82' lang='grc' dir='ltr'><strong>ἀν</strong></span> 
     </span>
    </p>

    <p class='ocr_par' dir='ltr' id='par_1_48' title="bbox 119 4654 895 4738">
     <span class='ocr_line' id='line_1_49' title="bbox 119 4654 895 4738; baseline 0.006 -28"><span class='ocrx_word' id='word_1_387' title='bbox 119 4679 131 4705; x_wconf 88' lang='lat'>«</span> <span class='ocrx_word' id='word_1_388' title='bbox 150 4656 313 4729; x_wconf 77' lang='grc' dir='ltr'>ὑπομείναιτε</span> <span class='ocrx_word' id='word_1_389' title='bbox 338 4659 428 4726; x_wconf 76' lang='grc' dir='ltr'>αὐτοὶ,</span> <span class='ocrx_word' id='word_1_390' title='bbox 446 4662 529 4716; x_wconf 89' lang='grc' dir='ltr'>ταῦτα</span> <span class='ocrx_word' id='word_1_391' title='bbox 545 4656 648 4737; x_wconf 76' lang='grc' dir='ltr'>ἑτέρους</span> <span class='ocrx_word' id='word_1_392' title='bbox 670 4655 823 4738; x_wconf 82' lang='grc' dir='ltr'>πάσχοντας</span> <span class='ocrx_word' id='word_1_393' title='bbox 835 4654 895 4715; x_wconf 83' lang='grc' dir='ltr'>ἀνί·</span> 
     </span>
    </p>
   </div>
   <div class='ocr_carea' id='block_1_3' title="bbox 1667 344 1726 405">
    <p class='ocr_par' dir='ltr' id='par_1_49' title="bbox 1667 344 1726 405">
     <span class='ocr_line' id='line_1_50' title="bbox 1667 344 1726 405; baseline 0.051 -3"><span class='ocrx_word' id='word_1_394' title='bbox 1667 344 1726 405; x_wconf 84' lang='grc'><strong>409</strong></span> 
     </span>
    </p>
   </div>
   <div class='ocr_carea' id='block_1_4' title="bbox 949 491 1731 1124">
    <p class='ocr_par' dir='ltr' id='par_1_50' title="bbox 949 491 1731 1124">
     <span class='ocr_line' id='line_1_51' title="bbox 950 491 1725 556; baseline 0.001 -15"><span class='ocrx_word' id='word_1_395' title='bbox 950 516 962 541; x_wconf 66' lang='grc' dir='ltr'><strong>ε</strong></span> <span class='ocrx_word' id='word_1_396' title='bbox 979 500 1031 546; x_wconf 85' lang='lat' dir='ltr'><strong>vos</strong></span> <span class='ocrx_word' id='word_1_397' title='bbox 1043 509 1101 544; x_wconf 81' lang='lat' dir='ltr'><strong>vero</strong></span> <span class='ocrx_word' id='word_1_398' title='bbox 1118 495 1287 556; x_wconf 84' lang='lat' dir='ltr'><strong>considerate,</strong></span> <span class='ocrx_word' id='word_1_399' title='bbox 1299 508 1331 544; x_wconf 90' lang='lat' dir='ltr'><strong>an</strong></span> <span class='ocrx_word' id='word_1_400' title='bbox 1348 491 1461 544; x_wconf 89' lang='lat' dir='ltr'><strong>modeste</strong></span> <span class='ocrx_word' id='word_1_401' title='bbox 1476 494 1502 542; x_wconf 93' lang='lat' dir='ltr'><strong>et</strong></span> <span class='ocrx_word' id='word_1_402' title='bbox 1519 505 1577 543; x_wconf 86' lang='lat' dir='ltr'><strong>rere</strong></span> <span class='ocrx_word' id='word_1_403' title='bbox 1596 491 1642 540; x_wconf 91' lang='lat' dir='ltr'><strong>sim</strong></span> <span class='ocrx_word' id='word_1_404' title='bbox 1655 491 1725 542; x_wconf 90' lang='lat' dir='ltr'><strong>locu-</strong></span> 
     </span>
     <span class='ocr_line' id='line_1_52' title="bbox 949 586 1726 652; baseline -0.004 -13"><span class='ocrx_word' id='word_1_405' title='bbox 949 593 1058 640; x_wconf 69' lang='lat' dir='ltr'><strong>«rums.</strong></span> <span class='ocrx_word' id='word_1_406' title='bbox 1092 594 1158 650; x_wconf 79' lang='lat' dir='ltr'><strong>Vos,</strong></span> <span class='ocrx_word' id='word_1_407' title='bbox 1183 589 1308 650; x_wconf 78' lang='lat' dir='ltr'>Quirites,</span> <span class='ocrx_word' id='word_1_408' title='bbox 1329 587 1428 652; x_wconf 88' lang='lat' dir='ltr'><strong>quando</strong></span> <span class='ocrx_word' id='word_1_409' title='bbox 1448 586 1556 638; x_wconf 90' lang='lat' dir='ltr'><strong>rediistis</strong></span> <span class='ocrx_word' id='word_1_410' title='bbox 1581 587 1726 649; x_wconf 86' lang='lat' dir='ltr'><strong>ingratiam</strong></span> 
     </span>
     <span class='ocr_line' id='line_1_53' title="bbox 949 678 1729 745; baseline -0.006 -12"><span class='ocrx_word' id='word_1_411' title='bbox 949 702 961 726; x_wconf 72' lang='grc' dir='ltr'><strong>ι</strong></span> <span class='ocrx_word' id='word_1_412' title='bbox 976 697 1033 733; x_wconf 86' lang='lat' dir='ltr'><strong>enm</strong></span> <span class='ocrx_word' id='word_1_413' title='bbox 1046 687 1147 743; x_wconf 85' lang='lat' dir='ltr'><strong>senatu,</strong></span> <span class='ocrx_word' id='word_1_414' title='bbox 1157 684 1221 733; x_wconf 87' lang='lat' dir='ltr'><strong>satis</strong></span> <span class='ocrx_word' id='word_1_415' title='bbox 1230 682 1301 732; x_wconf 87' lang='lat' dir='ltr'><strong>robis</strong></span> <span class='ocrx_word' id='word_1_416' title='bbox 1313 682 1366 732; x_wconf 85' lang='lat' dir='ltr'><strong>lore</strong></span> <span class='ocrx_word' id='word_1_417' title='bbox 1379 680 1528 745; x_wconf 83' lang='lat' dir='ltr'><strong>putavistis,</strong></span> <span class='ocrx_word' id='word_1_418' title='bbox 1541 679 1562 730; x_wconf 90' lang='lat' dir='ltr'><strong>si</strong></span> <span class='ocrx_word' id='word_1_419' title='bbox 1574 692 1630 729; x_wconf 90' lang='lat' dir='ltr'><strong>aere</strong></span> <span class='ocrx_word' id='word_1_420' title='bbox 1649 678 1729 728; x_wconf 84' lang='lat' dir='ltr'><strong>alieno</strong></span> 
     </span>
     <span class='ocr_line' id='line_1_54' title="bbox 950 772 1730 840; baseline -0.009 -13"><span class='ocrx_word' id='word_1_421' title='bbox 950 798 961 822; x_wconf 78' lang='grc' dir='ltr'>ν</span> <span class='ocrx_word' id='word_1_422' title='bbox 977 778 1156 840; x_wconf 88' lang='lat' dir='ltr'><strong>liberaremini,</strong></span> <span class='ocrx_word' id='word_1_423' title='bbox 1170 777 1233 828; x_wconf 93' lang='lat' dir='ltr'><strong>etin</strong></span> <span class='ocrx_word' id='word_1_424' title='bbox 1247 776 1366 827; x_wconf 87' lang='lat' dir='ltr'><strong>auxilium</strong></span> <span class='ocrx_word' id='word_1_425' title='bbox 1386 789 1538 840; x_wconf 83' lang='lat' dir='ltr'><strong>pauperum,</strong></span> <span class='ocrx_word' id='word_1_426' title='bbox 1554 773 1597 837; x_wconf 90' lang='lat' dir='ltr'><strong>qui</strong></span> <span class='ocrx_word' id='word_1_427' title='bbox 1616 772 1666 822; x_wconf 88' lang='lat' dir='ltr'><strong>vim</strong></span> <span class='ocrx_word' id='word_1_428' title='bbox 1684 785 1730 837; x_wconf 91' lang='lat' dir='ltr'><strong>pa·</strong></span> 
     </span>
     <span class='ocr_line' id='line_1_55' title="bbox 950 864 1730 935; baseline -0.01 -13"><span class='ocrx_word' id='word_1_429' title='bbox 950 892 961 916; x_wconf 73' lang='grc' dir='ltr'><strong>ιι</strong></span> <span class='ocrx_word' id='word_1_430' title='bbox 977 874 1097 932; x_wconf 81' lang='lat' dir='ltr'><strong>terantur,</strong></span> <span class='ocrx_word' id='word_1_431' title='bbox 1110 876 1139 921; x_wconf 91' lang='lat' dir='ltr'><strong>nt</strong></span> <span class='ocrx_word' id='word_1_432' title='bbox 1154 870 1312 935; x_wconf 77' lang='lat' dir='ltr'><strong>magistratus</strong></span> <span class='ocrx_word' id='word_1_433' title='bbox 1323 869 1355 919; x_wconf 90' lang='lat' dir='ltr'><strong>de</strong></span> <span class='ocrx_word' id='word_1_434' title='bbox 1368 872 1452 918; x_wconf 85' lang='lat' dir='ltr'><strong>restro</strong></span> <span class='ocrx_word' id='word_1_435' title='bbox 1465 867 1550 916; x_wconf 86' lang='lat' dir='ltr'><strong>ordine</strong></span> <span class='ocrx_word' id='word_1_436' title='bbox 1563 878 1647 916; x_wconf 88' lang='lat' dir='ltr'><strong>creare</strong></span> <span class='ocrx_word' id='word_1_437' title='bbox 1658 864 1730 916; x_wconf 87' lang='lat' dir='ltr'><strong>robis</strong></span> 
     </span>
     <span class='ocr_line' id='line_1_56' title="bbox 950 961 1730 1031; baseline -0.008 -14"><span class='ocrx_word' id='word_1_438' title='bbox 950 966 1077 1028; x_wconf 76' lang='lat' dir='ltr'><strong>«liceret,</strong></span> <span class='ocrx_word' id='word_1_439' title='bbox 1106 966 1234 1031; x_wconf 86' lang='lat' dir='ltr'><strong>petiistis:</strong></span> <span class='ocrx_word' id='word_1_440' title='bbox 1260 968 1285 1015; x_wconf 92' lang='lat' dir='ltr'><strong>et</strong></span> <span class='ocrx_word' id='word_1_441' title='bbox 1307 968 1438 1028; x_wconf 90' lang='lat' dir='ltr'><strong>utrumqne</strong></span> <span class='ocrx_word' id='word_1_442' title='bbox 1466 961 1632 1026; x_wconf 71' lang='lat' dir='ltr'><strong>impetrastis,</strong></span> <span class='ocrx_word' id='word_1_443' title='bbox 1659 961 1730 1012; x_wconf 88' lang='lat' dir='ltr'><strong>nobis</strong></span> 
     </span>
     <span class='ocr_line' id='line_1_57' title="bbox 950 1053 1731 1124; baseline -0.008 -14"><span class='ocrx_word' id='word_1_444' title='bbox 950 1079 962 1104; x_wconf 76' lang='grc' dir='ltr'>ο</span> <span class='ocrx_word' id='word_1_445' title='bbox 977 1073 1092 1124; x_wconf 87' lang='lat' dir='ltr'><strong>magnam</strong></span> <span class='ocrx_word' id='word_1_446' title='bbox 1104 1059 1207 1122; x_wconf 81' lang='lat' dir='ltr'><strong>gratiam</strong></span> <span class='ocrx_word' id='word_1_447' title='bbox 1220 1058 1349 1108; x_wconf 81' lang='lat' dir='ltr'><strong>habentes.</strong></span> <span class='ocrx_word' id='word_1_448' title='bbox 1385 1059 1416 1105; x_wconf 91' lang='lat' dir='ltr'><strong>Ut</strong></span> <span class='ocrx_word' id='word_1_449' title='bbox 1426 1070 1484 1107; x_wconf 81' lang='lat' dir='ltr'><strong>vero</strong></span> <span class='ocrx_word' id='word_1_450' title='bbox 1494 1055 1565 1105; x_wconf 84' lang='lat' dir='ltr'><strong>robis</strong></span> <span class='ocrx_word' id='word_1_451' title='bbox 1576 1053 1731 1105; x_wconf 87' lang='lat' dir='ltr'><strong>consulatum</strong></span> 
     </span>
    </p>
   </div>
   <div class='ocr_carea' id='block_1_5' title="bbox 951 1144 1731 1388">
    <p class='ocr_par' dir='ltr' id='par_1_51' title="bbox 951 1144 1731 1388">
     <span class='ocr_line' id='line_1_58' title="bbox 951 1144 1728 1211; baseline -0.008 -12"><span class='ocrx_word' id='word_1_452' title='bbox 951 1169 962 1191; x_wconf 73' lang='grc' dir='ltr'>ο</span> <span class='ocrx_word' id='word_1_453' title='bbox 979 1149 1081 1207; x_wconf 88' lang='lat' dir='ltr'><strong>tollere,</strong></span> <span class='ocrx_word' id='word_1_454' title='bbox 1099 1152 1143 1199; x_wconf 91' lang='lat' dir='ltr'><strong>aut</strong></span> <span class='ocrx_word' id='word_1_455' title='bbox 1156 1146 1252 1198; x_wconf 88' lang='lat' dir='ltr'><strong>senatui</strong></span> <span class='ocrx_word' id='word_1_456' title='bbox 1264 1145 1404 1211; x_wconf 80' lang='lat' dir='ltr'><strong>reipublicae</strong></span> <span class='ocrx_word' id='word_1_457' title='bbox 1417 1144 1656 1195; x_wconf 83' lang='lat' dir='ltr'><strong>administrationem</strong></span> <span class='ocrx_word' id='word_1_458' title='bbox 1674 1144 1728 1194; x_wconf 91' lang='lat' dir='ltr'><strong>adi·</strong></span> 
     </span>
     <span class='ocr_line' id='line_1_59' title="bbox 951 1231 1731 1299; baseline -0.004 -14"><span class='ocrx_word' id='word_1_459' title='bbox 951 1256 963 1280; x_wconf 86' lang='lat'><strong>«</strong></span> <span class='ocrx_word' id='word_1_460' title='bbox 980 1249 1061 1297; x_wconf 89' lang='lat' dir='ltr'><strong>mere,</strong></span> <span class='ocrx_word' id='word_1_461' title='bbox 1084 1237 1129 1286; x_wconf 88' lang='lat' dir='ltr'><strong>aut</strong></span> <span class='ocrx_word' id='word_1_462' title='bbox 1148 1235 1230 1299; x_wconf 91' lang='lat' dir='ltr'><strong>ipsum</strong></span> <span class='ocrx_word' id='word_1_463' title='bbox 1247 1233 1358 1283; x_wconf 77' lang='lat' dir='ltr'><strong>ordinem</strong></span> <span class='ocrx_word' id='word_1_464' title='bbox 1385 1231 1457 1297; x_wconf 89' lang='lat' dir='ltr'><strong>patrii</strong></span> <span class='ocrx_word' id='word_1_465' title='bbox 1481 1231 1621 1294; x_wconf 75' lang='lat' dir='ltr'><strong>reipublicae</strong></span> <span class='ocrx_word' id='word_1_466' title='bbox 1649 1233 1731 1282; x_wconf 88' lang='lat' dir='ltr'><strong>status</strong></span> 
     </span>
     <span class='ocr_line' id='line_1_60' title="bbox 951 1318 1729 1388; baseline 0.001 -19"><span class='ocrx_word' id='word_1_467' title='bbox 951 1344 964 1369; x_wconf 71' lang='lat' dir='ltr'><strong>a</strong></span> <span class='ocrx_word' id='word_1_468' title='bbox 977 1327 1117 1388; x_wconf 84' lang='lat' dir='ltr'><strong>pervertere</strong></span> <span class='ocrx_word' id='word_1_469' title='bbox 1138 1321 1237 1382; x_wconf 85' lang='lat' dir='ltr'><strong>liceret,</strong></span> <span class='ocrx_word' id='word_1_470' title='bbox 1269 1334 1348 1384; x_wconf 86' lang='lat' dir='ltr'><strong>neque</strong></span> <span class='ocrx_word' id='word_1_471' title='bbox 1371 1318 1477 1384; x_wconf 85' lang='lat' dir='ltr'><strong>petiistis</strong></span> <span class='ocrx_word' id='word_1_472' title='bbox 1503 1333 1584 1382; x_wconf 92' lang='lat' dir='ltr'><strong>neque</strong></span> <span class='ocrx_word' id='word_1_473' title='bbox 1607 1319 1729 1370; x_wconf 75' lang='lat' dir='ltr'><strong>voluistis.</strong></span> 
     </span>
    </p>
   </div>
   <div class='ocr_carea' id='block_1_6' title="bbox 950 1406 1731 1556">
    <p class='ocr_par' dir='ltr' id='par_1_52' title="bbox 950 1406 1731 1556">
     <span class='ocr_line' id='line_1_61' title="bbox 950 1406 1730 1474; baseline 0.003 -19"><span class='ocrx_word' id='word_1_474' title='bbox 950 1431 962 1455; x_wconf 71' lang='lat' dir='ltr'><strong>a</strong></span> <span class='ocrx_word' id='word_1_475' title='bbox 978 1411 1043 1469; x_wconf 87' lang='lat' dir='ltr'><strong>Quid</strong></span> <span class='ocrx_word' id='word_1_476' title='bbox 1056 1410 1130 1474; x_wconf 89' lang='lat' dir='ltr'><strong>igitur</strong></span> <span class='ocrx_word' id='word_1_477' title='bbox 1141 1408 1213 1459; x_wconf 89' lang='lat' dir='ltr'><strong>vobis</strong></span> <span class='ocrx_word' id='word_1_478' title='bbox 1226 1408 1331 1469; x_wconf 88' lang='lat' dir='ltr'><strong>accidit,</strong></span> <span class='ocrx_word' id='word_1_479' title='bbox 1343 1412 1370 1459; x_wconf 93' lang='lat' dir='ltr'><strong>ut</strong></span> <span class='ocrx_word' id='word_1_480' title='bbox 1382 1421 1447 1457; x_wconf 91' lang='lat' dir='ltr'><strong>nunc</strong></span> <span class='ocrx_word' id='word_1_481' title='bbox 1462 1406 1611 1456; x_wconf 79' lang='lat' dir='ltr'><strong>haecomnia</strong></span> <span class='ocrx_word' id='word_1_482' title='bbox 1625 1408 1730 1457; x_wconf 86' lang='lat' dir='ltr'><strong>coniun-</strong></span> 
     </span>
     <span class='ocr_line' id='line_1_62' title="bbox 951 1490 1731 1556; baseline 0.003 -16"><span class='ocrx_word' id='word_1_483' title='bbox 951 1515 963 1540; x_wconf 72' lang='grc' dir='ltr'><strong>ι</strong></span> <span class='ocrx_word' id='word_1_484' title='bbox 978 1494 1036 1546; x_wconf 90' lang='lat' dir='ltr'><strong>dere</strong></span> <span class='ocrx_word' id='word_1_485' title='bbox 1057 1494 1196 1545; x_wconf 88' lang='lat' dir='ltr'><strong>conemini:</strong></span> <span class='ocrx_word' id='word_1_486' title='bbox 1213 1496 1257 1543; x_wconf 89' lang='lat' dir='ltr'><strong>aut</strong></span> <span class='ocrx_word' id='word_1_487' title='bbox 1271 1507 1321 1556; x_wconf 92' lang='lat' dir='ltr'><strong>quo</strong></span> <span class='ocrx_word' id='word_1_488' title='bbox 1335 1492 1388 1543; x_wconf 90' lang='lat' dir='ltr'><strong>iure</strong></span> <span class='ocrx_word' id='word_1_489' title='bbox 1403 1492 1458 1542; x_wconf 86' lang='lat' dir='ltr'><strong>ireti</strong></span> <span class='ocrx_word' id='word_1_490' title='bbox 1481 1490 1617 1542; x_wconf 89' lang='lat' dir='ltr'><strong>honoribus</strong></span> <span class='ocrx_word' id='word_1_491' title='bbox 1639 1491 1731 1542; x_wconf 90' lang='lat' dir='ltr'><strong>nostris</strong></span> 
     </span>
    </p>
   </div>
   <div class='ocr_carea' id='block_1_7' title="bbox 951 1579 1786 2180">
    <p class='ocr_par' dir='ltr' id='par_1_53' title="bbox 951 1579 1786 2180">
     <span class='ocr_line' id='line_1_63' title="bbox 951 1579 1732 1646; baseline -0.001 -14"><span class='ocrx_word' id='word_1_492' title='bbox 951 1601 963 1626; x_wconf 80' lang='grc' dir='ltr'><strong>ι</strong></span> <span class='ocrx_word' id='word_1_493' title='bbox 981 1596 1026 1633; x_wconf 92' lang='lat' dir='ltr'><strong>nos</strong></span> <span class='ocrx_word' id='word_1_494' title='bbox 1038 1583 1136 1646; x_wconf 81' lang='lat' dir='ltr'><strong>privare</strong></span> <span class='ocrx_word' id='word_1_495' title='bbox 1157 1581 1268 1644; x_wconf 82' lang='lat' dir='ltr'><strong>cupitis?</strong></span> <span class='ocrx_word' id='word_1_496' title='bbox 1288 1581 1313 1631; x_wconf 87' lang='lat' dir='ltr'><strong>Si</strong></span> <span class='ocrx_word' id='word_1_497' title='bbox 1335 1581 1400 1631; x_wconf 89' lang='lat' dir='ltr'><strong>enim</strong></span> <span class='ocrx_word' id='word_1_498' title='bbox 1412 1579 1503 1630; x_wconf 85' lang='lat' dir='ltr'><strong>restris</strong></span> <span class='ocrx_word' id='word_1_499' title='bbox 1517 1580 1591 1630; x_wconf 89' lang='lat' dir='ltr'><strong>minis</strong></span> <span class='ocrx_word' id='word_1_500' title='bbox 1606 1584 1732 1631; x_wconf 85' lang='lat' dir='ltr'><strong>senatores</strong></span> 
     </span>
     <span class='ocr_line' id='line_1_64' title="bbox 951 1668 1786 1733; baseline 0 -13"><span class='ocrx_word' id='word_1_501' title='bbox 951 1690 963 1713; x_wconf 77' lang='grc' dir='ltr'><strong>ι</strong></span> <span class='ocrx_word' id='word_1_502' title='bbox 976 1685 991 1721; x_wconf 87' lang='lat' dir='ltr'><strong>a</strong></span> <span class='ocrx_word' id='word_1_503' title='bbox 1006 1671 1134 1720; x_wconf 84' lang='lat' dir='ltr'><strong>sententiis</strong></span> <span class='ocrx_word' id='word_1_504' title='bbox 1154 1669 1246 1728; x_wconf 86' lang='lat' dir='ltr'><strong>libere,</strong></span> <span class='ocrx_word' id='word_1_505' title='bbox 1269 1671 1344 1733; x_wconf 87' lang='lat' dir='ltr'><strong>prout</strong></span> <span class='ocrx_word' id='word_1_506' title='bbox 1366 1669 1489 1727; x_wconf 87' lang='lat' dir='ltr'><strong>sentiunt,</strong></span> <span class='ocrx_word' id='word_1_507' title='bbox 1510 1668 1622 1719; x_wconf 80' lang='lat' dir='ltr'><strong>dicendis</strong></span> <span class='ocrx_word' id='word_1_508' title='bbox 1647 1669 1730 1720; x_wconf 89' lang='lat' dir='ltr'><strong>deter·</strong></span> <span class='ocrx_word' id='word_1_509' title='bbox 1783 1709 1786 1720; x_wconf 93' lang='lat'><em>.</em></span> 
     </span>
     <span class='ocr_line' id='line_1_65' title="bbox 951 1755 1731 1820; baseline 0.006 -16"><span class='ocrx_word' id='word_1_510' title='bbox 951 1776 965 1804; x_wconf 76' lang='grc' dir='ltr'>«ι</span> <span class='ocrx_word' id='word_1_511' title='bbox 980 1771 1034 1809; x_wconf 88' lang='lat' dir='ltr'><strong>rere</strong></span> <span class='ocrx_word' id='word_1_512' title='bbox 1053 1757 1145 1817; x_wconf 78' lang='lat' dir='ltr'><strong>uultis,</strong></span> <span class='ocrx_word' id='word_1_513' title='bbox 1161 1755 1250 1820; x_wconf 85' lang='lat' dir='ltr'><strong>ecquid</strong></span> <span class='ocrx_word' id='word_1_514' title='bbox 1266 1755 1332 1819; x_wconf 81' lang='lat' dir='ltr'><strong>requi</strong></span> <span class='ocrx_word' id='word_1_515' title='bbox 1355 1756 1431 1805; x_wconf 78' lang='lat' dir='ltr'><strong>vestri</strong></span> <span class='ocrx_word' id='word_1_516' title='bbox 1446 1756 1607 1819; x_wconf 83' lang='lat' dir='ltr'><strong>magistratus</strong></span> <span class='ocrx_word' id='word_1_517' title='bbox 1629 1756 1731 1809; x_wconf 82' lang='lat' dir='ltr'><strong>dicunt?</strong></span> 
     </span>
     <span class='ocr_line' id='line_1_66' title="bbox 951 1848 1732 1916; baseline 0 -14"><span class='ocrx_word' id='word_1_518' title='bbox 951 1870 964 1895; x_wconf 79' lang='grc' dir='ltr'><strong>ι</strong></span> <span class='ocrx_word' id='word_1_519' title='bbox 978 1855 1022 1903; x_wconf 89' lang='lat' dir='ltr'><strong>aut</strong></span> <span class='ocrx_word' id='word_1_520' title='bbox 1042 1864 1092 1915; x_wconf 87' lang='lat' dir='ltr'><strong>qua</strong></span> <span class='ocrx_word' id='word_1_521' title='bbox 1112 1850 1181 1915; x_wconf 84' lang='lat' dir='ltr'><strong>lege,</strong></span> <span class='ocrx_word' id='word_1_522' title='bbox 1205 1848 1325 1913; x_wconf 85' lang='lat' dir='ltr'><strong>supplicio</strong></span> <span class='ocrx_word' id='word_1_523' title='bbox 1351 1849 1448 1912; x_wconf 90' lang='lat' dir='ltr'><strong>capitali</strong></span> <span class='ocrx_word' id='word_1_524' title='bbox 1475 1851 1519 1898; x_wconf 88' lang='lat' dir='ltr'><strong>aut</strong></span> <span class='ocrx_word' id='word_1_525' title='bbox 1536 1851 1621 1900; x_wconf 80' lang='lat' dir='ltr'><strong>exsilio</strong></span> <span class='ocrx_word' id='word_1_526' title='bbox 1637 1853 1732 1916; x_wconf 89' lang='lat' dir='ltr'><strong>aliquos</strong></span> 
     </span>
     <span class='ocr_line' id='line_1_67' title="bbox 951 1935 1731 2003; baseline 0.001 -16"><span class='ocrx_word' id='word_1_527' title='bbox 951 1958 963 1981; x_wconf 89' lang='lat'>«</span> <span class='ocrx_word' id='word_1_528' title='bbox 978 1938 1076 2003; x_wconf 88' lang='lat' dir='ltr'><strong>patricii</strong></span> <span class='ocrx_word' id='word_1_529' title='bbox 1089 1937 1182 1988; x_wconf 84' lang='lat' dir='ltr'><strong>ordinis</strong></span> <span class='ocrx_word' id='word_1_530' title='bbox 1195 1935 1230 1986; x_wconf 90' lang='lat' dir='ltr'><strong>illi</strong></span> <span class='ocrx_word' id='word_1_531' title='bbox 1247 1937 1366 1986; x_wconf 85' lang='lat' dir='ltr'><strong>mulctare</strong></span> <span class='ocrx_word' id='word_1_532' title='bbox 1384 1935 1484 1986; x_wconf 79' lang='lat' dir='ltr'><strong>volent?</strong></span> <span class='ocrx_word' id='word_1_533' title='bbox 1500 1939 1562 1987; x_wconf 81' lang='lat' dir='ltr'><strong>lt&#39;am</strong></span> <span class='ocrx_word' id='word_1_534' title='bbox 1577 1952 1622 1987; x_wconf 88' lang='lat' dir='ltr'><strong>nec</strong></span> <span class='ocrx_word' id='word_1_535' title='bbox 1634 1944 1731 1989; x_wconf 79' lang='lat' dir='ltr'><strong>veteres</strong></span> 
     </span>
     <span class='ocr_line' id='line_1_68' title="bbox 951 2022 1731 2091; baseline 0.003 -15"><span class='ocrx_word' id='word_1_536' title='bbox 951 2045 963 2068; x_wconf 74' lang='grc' dir='ltr'>ο</span> <span class='ocrx_word' id='word_1_537' title='bbox 978 2026 1043 2091; x_wconf 88' lang='lat' dir='ltr'><strong>leges</strong></span> <span class='ocrx_word' id='word_1_538' title='bbox 1057 2026 1117 2076; x_wconf 92' lang='lat' dir='ltr'><strong>dant</strong></span> <span class='ocrx_word' id='word_1_539' title='bbox 1135 2025 1205 2075; x_wconf 83' lang='lat' dir='ltr'><strong>robis</strong></span> <span class='ocrx_word' id='word_1_540' title='bbox 1225 2022 1288 2074; x_wconf 89' lang='lat' dir='ltr'><strong>banc</strong></span> <span class='ocrx_word' id='word_1_541' title='bbox 1308 2026 1472 2088; x_wconf 86' lang='lat' dir='ltr'><strong>potestatem,</strong></span> <span class='ocrx_word' id='word_1_542' title='bbox 1487 2038 1533 2075; x_wconf 86' lang='lat' dir='ltr'><strong>nec</strong></span> <span class='ocrx_word' id='word_1_543' title='bbox 1553 2026 1612 2074; x_wconf 89' lang='lat' dir='ltr'><strong>novi</strong></span> <span class='ocrx_word' id='word_1_544' title='bbox 1632 2026 1731 2078; x_wconf 70' lang='lat' dir='ltr'><strong>laederis</strong></span> 
     </span>
     <span class='ocr_line' id='line_1_69' title="bbox 951 2110 1731 2180; baseline 0.003 -17"><span class='ocrx_word' id='word_1_545' title='bbox 951 2133 964 2157; x_wconf 77' lang='grc' dir='ltr'><strong>ι</strong></span> <span class='ocrx_word' id='word_1_546' title='bbox 977 2127 1035 2164; x_wconf 88' lang='lat' dir='ltr'><strong>cum</strong></span> <span class='ocrx_word' id='word_1_547' title='bbox 1053 2115 1140 2164; x_wconf 88' lang='lat' dir='ltr'><strong>senatu</strong></span> <span class='ocrx_word' id='word_1_548' title='bbox 1154 2112 1212 2162; x_wconf 86' lang='lat' dir='ltr'><strong>tacti</strong></span> <span class='ocrx_word' id='word_1_549' title='bbox 1231 2110 1391 2161; x_wconf 86' lang='lat' dir='ltr'><strong>conditiones.</strong></span> <span class='ocrx_word' id='word_1_550' title='bbox 1405 2113 1499 2175; x_wconf 87' lang='lat' dir='ltr'><strong>Legum</strong></span> <span class='ocrx_word' id='word_1_551' title='bbox 1513 2125 1572 2163; x_wconf 83' lang='lat' dir='ltr'><strong>vero</strong></span> <span class='ocrx_word' id='word_1_552' title='bbox 1586 2115 1731 2180; x_wconf 87' lang='lat' dir='ltr'><strong>praescripta</strong></span> 
     </span>
    </p>
   </div>
   <div class='ocr_carea' id='block_1_8' title="bbox 952 2198 1731 2704">
    <p class='ocr_par' dir='ltr' id='par_1_54' title="bbox 952 2198 1731 2704">
     <span class='ocr_line' id='line_1_70' title="bbox 952 2198 1731 2265; baseline 0.005 -15"><span class='ocrx_word' id='word_1_553' title='bbox 952 2220 965 2244; x_wconf 79' lang='grc' dir='ltr'><strong>ι</strong></span> <span class='ocrx_word' id='word_1_554' title='bbox 978 2199 1129 2265; x_wconf 82' lang='lat' dir='ltr'><strong>transgredi,</strong></span> <span class='ocrx_word' id='word_1_555' title='bbox 1143 2201 1168 2250; x_wconf 90' lang='lat' dir='ltr'><strong>et</strong></span> <span class='ocrx_word' id='word_1_556' title='bbox 1179 2200 1230 2249; x_wconf 84' lang='lat' dir='ltr'><strong>rim</strong></span> <span class='ocrx_word' id='word_1_557' title='bbox 1241 2198 1294 2248; x_wconf 89' lang='lat' dir='ltr'><strong>iure</strong></span> <span class='ocrx_word' id='word_1_558' title='bbox 1306 2198 1428 2262; x_wconf 89' lang='lat' dir='ltr'><strong>potiorem</strong></span> <span class='ocrx_word' id='word_1_559' title='bbox 1441 2199 1536 2260; x_wconf 81' lang='lat' dir='ltr'><strong>tacere,</strong></span> <span class='ocrx_word' id='word_1_560' title='bbox 1551 2204 1618 2252; x_wconf 88' lang='lat' dir='ltr'><strong>certe</strong></span> <span class='ocrx_word' id='word_1_561' title='bbox 1629 2215 1679 2253; x_wconf 90' lang='lat' dir='ltr'><strong>nou</strong></span> <span class='ocrx_word' id='word_1_562' title='bbox 1692 2206 1731 2254; x_wconf 85' lang='lat' dir='ltr'><strong>est</strong></span> 
     </span>
     <span class='ocr_line' id='line_1_71' title="bbox 953 2285 1730 2355; baseline 0.008 -20"><span class='ocrx_word' id='word_1_563' title='bbox 953 2309 966 2335; x_wconf 71' lang='grc' dir='ltr'>ι</span> <span class='ocrx_word' id='word_1_564' title='bbox 980 2289 1086 2354; x_wconf 88' lang='lat' dir='ltr'><strong>amplius</strong></span> <span class='ocrx_word' id='word_1_565' title='bbox 1102 2288 1235 2353; x_wconf 85' lang='lat' dir='ltr'><strong>populare,</strong></span> <span class='ocrx_word' id='word_1_566' title='bbox 1257 2286 1300 2336; x_wconf 85' lang='lat' dir='ltr'><strong>sed</strong></span> <span class='ocrx_word' id='word_1_567' title='bbox 1322 2285 1360 2350; x_wconf 90' lang='lat' dir='ltr'><strong>(si</strong></span> <span class='ocrx_word' id='word_1_568' title='bbox 1380 2287 1510 2340; x_wconf 81' lang='lat' dir='ltr'><strong>veritatem</strong></span> <span class='ocrx_word' id='word_1_569' title='bbox 1532 2289 1618 2341; x_wconf 87' lang='lat' dir='ltr'><strong>audire</strong></span> <span class='ocrx_word' id='word_1_570' title='bbox 1639 2290 1730 2355; x_wconf 81' lang='lat' dir='ltr'><strong>vultis)</strong></span> 
     </span>
     <span class='ocr_line' id='line_1_72' title="bbox 953 2372 1731 2438; baseline 0.013 -19"><span class='ocrx_word' id='word_1_571' title='bbox 953 2375 1143 2438; x_wconf 81' lang='lat' dir='ltr'><strong>«tyrannicum.</strong></span> <span class='ocrx_word' id='word_1_572' title='bbox 1178 2376 1229 2437; x_wconf 78' lang='lat' dir='ltr'><strong>ligo</strong></span> <span class='ocrx_word' id='word_1_573' title='bbox 1249 2373 1323 2437; x_wconf 89' lang='lat' dir='ltr'><strong>igitur</strong></span> <span class='ocrx_word' id='word_1_574' title='bbox 1336 2372 1406 2422; x_wconf 84' lang='lat' dir='ltr'><strong>robis</strong></span> <span class='ocrx_word' id='word_1_575' title='bbox 1424 2379 1509 2425; x_wconf 85' lang='lat' dir='ltr'><strong>auctor</strong></span> <span class='ocrx_word' id='word_1_576' title='bbox 1525 2377 1589 2438; x_wconf 83' lang='lat' dir='ltr'><strong>sim,</strong></span> <span class='ocrx_word' id='word_1_577' title='bbox 1608 2381 1636 2427; x_wconf 92' lang='lat' dir='ltr'><strong>ut</strong></span> <span class='ocrx_word' id='word_1_578' title='bbox 1654 2378 1731 2429; x_wconf 86' lang='lat' dir='ltr'><strong>bene·</strong></span> 
     </span>
     <span class='ocr_line' id='line_1_73' title="bbox 952 2460 1729 2526; baseline 0.005 -19"><span class='ocrx_word' id='word_1_579' title='bbox 952 2483 965 2506; x_wconf 75' lang='lat' dir='ltr'><strong>a</strong></span> <span class='ocrx_word' id='word_1_580' title='bbox 980 2462 1052 2522; x_wconf 77' lang='lat' dir='ltr'><strong>srcia,</strong></span> <span class='ocrx_word' id='word_1_581' title='bbox 1064 2475 1120 2526; x_wconf 76' lang='lat' dir='ltr'><strong>quai</strong></span> <span class='ocrx_word' id='word_1_582' title='bbox 1130 2464 1231 2511; x_wconf 90' lang='lat' dir='ltr'><strong>senatus</strong></span> <span class='ocrx_word' id='word_1_583' title='bbox 1244 2460 1394 2525; x_wconf 87' lang='lat' dir='ltr'><strong>benignitate</strong></span> <span class='ocrx_word' id='word_1_584' title='bbox 1407 2460 1566 2526; x_wconf 85' lang='lat' dir='ltr'><strong>impetrastis,</strong></span> <span class='ocrx_word' id='word_1_585' title='bbox 1583 2465 1708 2517; x_wconf 90' lang='lat' dir='ltr'><strong>retineatis</strong></span> <span class='ocrx_word' id='word_1_586' title='bbox 1722 2480 1729 2511; x_wconf 76' lang='grc' dir='ltr'><strong>ε</strong></span> 
     </span>
     <span class='ocr_line' id='line_1_74' title="bbox 952 2551 1728 2617; baseline 0.004 -17"><span class='ocrx_word' id='word_1_587' title='bbox 952 2570 964 2594; x_wconf 75' lang='grc' dir='ltr'><strong>ι</strong></span> <span class='ocrx_word' id='word_1_588' title='bbox 979 2564 1108 2617; x_wconf 78' lang='lat' dir='ltr'><strong>quaerero</strong></span> <span class='ocrx_word' id='word_1_589' title='bbox 1129 2554 1188 2601; x_wconf 90' lang='lat' dir='ltr'><strong>tunc</strong></span> <span class='ocrx_word' id='word_1_590' title='bbox 1203 2552 1227 2600; x_wconf 89' lang='lat' dir='ltr'><strong>in</strong></span> <span class='ocrx_word' id='word_1_591' title='bbox 1247 2551 1351 2613; x_wconf 86' lang='lat' dir='ltr'><strong>gratiam</strong></span> <span class='ocrx_word' id='word_1_592' title='bbox 1370 2565 1428 2602; x_wconf 91' lang='lat' dir='ltr'><strong>oum</strong></span> <span class='ocrx_word' id='word_1_593' title='bbox 1447 2558 1534 2603; x_wconf 88' lang='lat' dir='ltr'><strong>senatu</strong></span> <span class='ocrx_word' id='word_1_594' title='bbox 1556 2554 1658 2603; x_wconf 89' lang='lat' dir='ltr'><strong>redituri</strong></span> <span class='ocrx_word' id='word_1_595' title='bbox 1679 2569 1728 2604; x_wconf 88' lang='lat' dir='ltr'><strong>non</strong></span> 
     </span>
     <span class='ocr_line' id='line_1_75' title="bbox 952 2639 1609 2704; baseline 0.005 -15"><span class='ocrx_word' id='word_1_596' title='bbox 952 2658 965 2682; x_wconf 75' lang='grc' dir='ltr'>ο</span> <span class='ocrx_word' id='word_1_597' title='bbox 981 2639 1141 2704; x_wconf 80' lang='lat' dir='ltr'><strong>postulastis.</strong></span> <span class='ocrx_word' id='word_1_598' title='bbox 1155 2653 1185 2690; x_wconf 88' lang='lat' dir='ltr'><strong>ne</strong></span> <span class='ocrx_word' id='word_1_599' title='bbox 1199 2654 1264 2690; x_wconf 90' lang='lat' dir='ltr'><strong>nunc</strong></span> <span class='ocrx_word' id='word_1_600' title='bbox 1275 2641 1376 2703; x_wconf 87' lang='lat' dir='ltr'><strong>quidem</strong></span> <span class='ocrx_word' id='word_1_601' title='bbox 1387 2639 1458 2691; x_wconf 86' lang='lat' dir='ltr'><strong>vobis</strong></span> <span class='ocrx_word' id='word_1_602' title='bbox 1472 2641 1609 2693; x_wconf 75' lang='lat' dir='ltr'><strong>vindicetis.</strong></span> 
     </span>
    </p>
   </div>
   <div class='ocr_carea' id='block_1_9' title="bbox 952 2805 1751 3357">
    <p class='ocr_par' dir='ltr' id='par_1_55' title="bbox 952 2805 1751 3357">
     <span class='ocr_line' id='line_1_76' title="bbox 982 2805 1751 2888; baseline 0.008 -17"><span class='ocrx_word' id='word_1_603' title='bbox 982 2824 1067 2873; x_wconf 88' lang='lat' dir='ltr'><strong>lilllll.</strong></span> <span class='ocrx_word' id='word_1_604' title='bbox 1088 2840 1100 2865; x_wconf 78' lang='grc' dir='ltr'><strong>ε</strong></span> <span class='ocrx_word' id='word_1_605' title='bbox 1117 2820 1165 2871; x_wconf 84' lang='lat' dir='ltr'><strong>Sed</strong></span> <span class='ocrx_word' id='word_1_606' title='bbox 1184 2823 1214 2872; x_wconf 93' lang='lat' dir='ltr'><strong>ut</strong></span> <span class='ocrx_word' id='word_1_607' title='bbox 1228 2822 1316 2873; x_wconf 90' lang='lat' dir='ltr'><strong>melius</strong></span> <span class='ocrx_word' id='word_1_608' title='bbox 1332 2823 1490 2888; x_wconf 82' lang='lat' dir='ltr'><strong>intelligatis,</strong></span> <span class='ocrx_word' id='word_1_609' title='bbox 1503 2827 1598 2875; x_wconf 80' lang='lat' dir='ltr'><strong>vestros</strong></span> <span class='ocrx_word' id='word_1_610' title='bbox 1614 2824 1728 2878; x_wconf 87' lang='lat' dir='ltr'><strong>tribunos</strong></span> <span class='ocrx_word' id='word_1_611' title='bbox 1748 2805 1751 2809; x_wconf 28' lang='lat'><em>¹</em></span> 
     </span>
     <span class='ocr_line' id='line_1_77' title="bbox 953 2912 1732 2980; baseline 0.006 -16"><span class='ocrx_word' id='word_1_612' title='bbox 953 2935 964 2957; x_wconf 77' lang='grc' dir='ltr'><strong>ιι</strong></span> <span class='ocrx_word' id='word_1_613' title='bbox 977 2913 1035 2964; x_wconf 87' lang='lat' dir='ltr'><strong>nilril</strong></span> <span class='ocrx_word' id='word_1_614' title='bbox 1059 2912 1195 2975; x_wconf 84' lang='lat' dir='ltr'><strong>moderati,</strong></span> <span class='ocrx_word' id='word_1_615' title='bbox 1210 2914 1270 2964; x_wconf 81' lang='lat' dir='ltr'><strong>nilrd</strong></span> <span class='ocrx_word' id='word_1_616' title='bbox 1291 2915 1356 2979; x_wconf 84' lang='lat' dir='ltr'><strong>requi</strong></span> <span class='ocrx_word' id='word_1_617' title='bbox 1376 2917 1521 2980; x_wconf 87' lang='lat' dir='ltr'><strong>postulare,</strong></span> <span class='ocrx_word' id='word_1_618' title='bbox 1537 2915 1580 2967; x_wconf 85' lang='lat' dir='ltr'><strong>sed</strong></span> <span class='ocrx_word' id='word_1_619' title='bbox 1601 2917 1685 2980; x_wconf 91' lang='lat' dir='ltr'><strong>iniqua</strong></span> <span class='ocrx_word' id='word_1_620' title='bbox 1707 2923 1732 2970; x_wconf 90' lang='lat' dir='ltr'><strong>et</strong></span> 
     </span>
     <span class='ocr_line' id='line_1_78' title="bbox 953 3009 1731 3078; baseline 0.006 -20"><span class='ocrx_word' id='word_1_621' title='bbox 953 3030 964 3052; x_wconf 73' lang='lat' dir='ltr'><strong>a</strong></span> <span class='ocrx_word' id='word_1_622' title='bbox 979 3023 1036 3074; x_wconf 86' lang='lat' dir='ltr'><strong>quas</strong></span> <span class='ocrx_word' id='word_1_623' title='bbox 1056 3009 1110 3060; x_wconf 89' lang='lat' dir='ltr'><strong>lieri</strong></span> <span class='ocrx_word' id='word_1_624' title='bbox 1136 3014 1259 3073; x_wconf 88' lang='lat' dir='ltr'><strong>nequeant</strong></span> <span class='ocrx_word' id='word_1_625' title='bbox 1282 3024 1388 3076; x_wconf 84' lang='lat' dir='ltr'><strong>cupere,</strong></span> <span class='ocrx_word' id='word_1_626' title='bbox 1410 3025 1525 3062; x_wconf 87' lang='lat' dir='ltr'><strong>caussam</strong></span> <span class='ocrx_word' id='word_1_627' title='bbox 1545 3012 1575 3061; x_wconf 90' lang='lat' dir='ltr'><strong>ud</strong></span> <span class='ocrx_word' id='word_1_628' title='bbox 1596 3025 1643 3062; x_wconf 83' lang='lat' dir='ltr'><strong>vos</strong></span> <span class='ocrx_word' id='word_1_629' title='bbox 1665 3012 1731 3078; x_wconf 86' lang='lat' dir='ltr'><strong>ipsos</strong></span> 
     </span>
     <span class='ocr_line' id='line_1_79' title="bbox 953 3080 1730 3167; baseline 0.01 -18"><span class='ocrx_word' id='word_1_630' title='bbox 953 3121 965 3144; x_wconf 75' lang='grc' dir='ltr'><strong>α</strong></span> <span class='ocrx_word' id='word_1_631' title='bbox 981 3101 1120 3165; x_wconf 81' lang='lat' dir='ltr'><strong>transferte,</strong></span> <span class='ocrx_word' id='word_1_632' title='bbox 1133 3100 1266 3165; x_wconf 82' lang='lat' dir='ltr'><strong>ettmgita.</strong></span> <span class='ocrx_word' id='word_1_633' title='bbox 1286 3117 1301 3152; x_wconf 91' lang='lat' dir='ltr'><strong>a</strong></span> <span class='ocrx_word' id='word_1_634' title='bbox 1319 3103 1475 3154; x_wconf 88' lang='lat' dir='ltr'><strong>senatoribus</strong></span> <span class='ocrx_word' id='word_1_635' title='bbox 1496 3080 1658 3167; x_wconf 83' lang='lat' dir='ltr'><strong>magistratus</strong></span> <span class='ocrx_word' id='word_1_636' title='bbox 1672 3119 1730 3157; x_wconf 80' lang='lat' dir='ltr'><strong>res-</strong></span> 
     </span>
     <span class='ocr_line' id='line_1_80' title="bbox 952 3195 1730 3263; baseline 0.009 -20"><span class='ocrx_word' id='word_1_637' title='bbox 952 3216 964 3238; x_wconf 84' lang='lat'>«</span> <span class='ocrx_word' id='word_1_638' title='bbox 980 3200 1030 3244; x_wconf 88' lang='lat' dir='ltr'><strong>tros</strong></span> <span class='ocrx_word' id='word_1_639' title='bbox 1045 3195 1171 3257; x_wconf 82' lang='lat' dir='ltr'><strong>accusari,</strong></span> <span class='ocrx_word' id='word_1_640' title='bbox 1194 3195 1262 3261; x_wconf 92' lang='lat' dir='ltr'><strong>qnod</strong></span> <span class='ocrx_word' id='word_1_641' title='bbox 1283 3196 1379 3247; x_wconf 89' lang='lat' dir='ltr'><strong>senatui</strong></span> <span class='ocrx_word' id='word_1_642' title='bbox 1400 3197 1564 3259; x_wconf 87' lang='lat' dir='ltr'><strong>maledicant,</strong></span> <span class='ocrx_word' id='word_1_643' title='bbox 1585 3202 1611 3248; x_wconf 90' lang='lat' dir='ltr'><strong>et</strong></span> <span class='ocrx_word' id='word_1_644' title='bbox 1622 3201 1730 3263; x_wconf 90' lang='lat' dir='ltr'><strong>patrium</strong></span> 
     </span>
     <span class='ocr_line' id='line_1_81' title="bbox 952 3289 1729 3357; baseline 0.009 -19"><span class='ocrx_word' id='word_1_645' title='bbox 952 3308 964 3331; x_wconf 70' lang='lat' dir='ltr'><strong>a</strong></span> <span class='ocrx_word' id='word_1_646' title='bbox 978 3292 1086 3349; x_wconf 81' lang='lat' dir='ltr'><strong>statum,</strong></span> <span class='ocrx_word' id='word_1_647' title='bbox 1108 3303 1157 3352; x_wconf 93' lang='lat' dir='ltr'><strong>quo</strong></span> <span class='ocrx_word' id='word_1_648' title='bbox 1176 3302 1216 3339; x_wconf 87' lang='lat' dir='ltr'><strong>res</strong></span> <span class='ocrx_word' id='word_1_649' title='bbox 1239 3289 1337 3354; x_wconf 86' lang='lat' dir='ltr'><strong>publiea</strong></span> <span class='ocrx_word' id='word_1_650' title='bbox 1357 3290 1389 3340; x_wconf 90' lang='lat' dir='ltr'><strong>ab</strong></span> <span class='ocrx_word' id='word_1_651' title='bbox 1405 3292 1567 3356; x_wconf 87' lang='lat' dir='ltr'><strong>optimatibus</strong></span> <span class='ocrx_word' id='word_1_652' title='bbox 1588 3294 1729 3357; x_wconf 80' lang='lat' dir='ltr'><strong>regebatur,</strong></span> 
     </span>
    </p>
   </div>
   <div class='ocr_carea' id='block_1_10' title="bbox 951 3383 1730 3638">
    <p class='ocr_par' dir='ltr' id='par_1_56' title="bbox 951 3383 1730 3638">
     <span class='ocr_line' id='line_1_82' title="bbox 951 3383 1730 3453; baseline 0.018 -27"><span class='ocrx_word' id='word_1_653' title='bbox 951 3402 963 3426; x_wconf 76' lang='lat' dir='ltr'><strong>a</strong></span> <span class='ocrx_word' id='word_1_654' title='bbox 979 3384 1107 3441; x_wconf 80' lang='lat' dir='ltr'><strong>evertant,</strong></span> <span class='ocrx_word' id='word_1_655' title='bbox 1132 3386 1158 3432; x_wconf 89' lang='lat' dir='ltr'><strong>et</strong></span> <span class='ocrx_word' id='word_1_656' title='bbox 1179 3383 1312 3434; x_wconf 89' lang='lat' dir='ltr'><strong>seditiones</strong></span> <span class='ocrx_word' id='word_1_657' title='bbox 1333 3385 1359 3434; x_wconf 87' lang='lat' dir='ltr'><strong>in</strong></span> <span class='ocrx_word' id='word_1_658' title='bbox 1384 3385 1487 3435; x_wconf 77' lang='lat' dir='ltr'><strong>civitate</strong></span> <span class='ocrx_word' id='word_1_659' title='bbox 1507 3387 1630 3437; x_wconf 88' lang='lat' dir='ltr'><strong>concitent</strong></span> <span class='ocrx_word' id='word_1_660' title='bbox 1658 3389 1730 3453; x_wconf 81' lang='lat' dir='ltr'><strong>(qnae</strong></span> 
     </span>
     <span class='ocr_line' id='line_1_83' title="bbox 951 3477 1730 3546; baseline 0.017 -25"><span class='ocrx_word' id='word_1_661' title='bbox 951 3497 964 3521; x_wconf 74' lang='lat' dir='ltr'><strong>a</strong></span> <span class='ocrx_word' id='word_1_662' title='bbox 978 3477 1059 3527; x_wconf 87' lang='lat' dir='ltr'><strong>omnia</strong></span> <span class='ocrx_word' id='word_1_663' title='bbox 1081 3491 1139 3527; x_wconf 88' lang='lat' dir='ltr'><strong>sane</strong></span> <span class='ocrx_word' id='word_1_664' title='bbox 1160 3492 1219 3528; x_wconf 87' lang='lat' dir='ltr'><strong>vera</strong></span> <span class='ocrx_word' id='word_1_665' title='bbox 1241 3480 1313 3538; x_wconf 88' lang='lat' dir='ltr'><strong>sunt,</strong></span> <span class='ocrx_word' id='word_1_666' title='bbox 1335 3478 1390 3530; x_wconf 77' lang='lat' dir='ltr'><strong>hacc</strong></span> <span class='ocrx_word' id='word_1_667' title='bbox 1401 3480 1466 3530; x_wconf 90' lang='lat' dir='ltr'><strong>enim</strong></span> <span class='ocrx_word' id='word_1_668' title='bbox 1482 3480 1593 3542; x_wconf 78' lang='lat' dir='ltr'><strong>iaciunt)</strong></span> <span class='ocrx_word' id='word_1_669' title='bbox 1606 3485 1632 3533; x_wconf 90' lang='lat' dir='ltr'><strong>et</strong></span> <span class='ocrx_word' id='word_1_670' title='bbox 1644 3521 1650 3544; x_wconf 94' lang='lat'><strong>‚</strong></span> <span class='ocrx_word' id='word_1_671' title='bbox 1662 3484 1730 3546; x_wconf 94' lang='lat' dir='ltr'><strong>qnod</strong></span> 
     </span>
     <span class='ocr_line' id='line_1_84' title="bbox 951 3569 1730 3638; baseline 0.014 -23"><span class='ocrx_word' id='word_1_672' title='bbox 951 3589 964 3615; x_wconf 69' lang='lat' dir='ltr'><strong>a</strong></span> <span class='ocrx_word' id='word_1_673' title='bbox 976 3569 1088 3620; x_wconf 90' lang='lat' dir='ltr'><strong>omnium</strong></span> <span class='ocrx_word' id='word_1_674' title='bbox 1099 3572 1137 3618; x_wconf 90' lang='lat' dir='ltr'><strong>est</strong></span> <span class='ocrx_word' id='word_1_675' title='bbox 1149 3569 1322 3632; x_wconf 77' lang='lat' dir='ltr'><strong>gravissimum</strong></span> <span class='ocrx_word' id='word_1_676' title='bbox 1339 3574 1487 3633; x_wconf 88' lang='lat' dir='ltr'><strong>potestatem</strong></span> <span class='ocrx_word' id='word_1_677' title='bbox 1499 3573 1638 3637; x_wconf 86' lang='lat' dir='ltr'><strong>maiorum,</strong></span> <span class='ocrx_word' id='word_1_678' title='bbox 1654 3589 1730 3638; x_wconf 90' lang='lat' dir='ltr'><strong>quam</strong></span> 
     </span>
    </p>
   </div>
   <div class='ocr_carea' id='block_1_11' title="bbox 954 3664 1730 3824">
    <p class='ocr_par' dir='ltr' id='par_1_57' title="bbox 954 3664 1730 3824">
     <span class='ocr_line' id='line_1_85' title="bbox 954 3664 1730 3732; baseline 0.009 -21"><span class='ocrx_word' id='word_1_679' title='bbox 954 3688 966 3711; x_wconf 77' lang='lat' dir='ltr'><strong>a</strong></span> <span class='ocrx_word' id='word_1_680' title='bbox 983 3668 1044 3732; x_wconf 90' lang='lat' dir='ltr'><strong>ipsis</strong></span> <span class='ocrx_word' id='word_1_681' title='bbox 1065 3679 1179 3716; x_wconf 87' lang='lat' dir='ltr'><strong>concessa</strong></span> <span class='ocrx_word' id='word_1_682' title='bbox 1205 3666 1238 3716; x_wconf 91' lang='lat' dir='ltr'><strong>sit</strong></span> <span class='ocrx_word' id='word_1_683' title='bbox 1257 3664 1304 3716; x_wconf 89' lang='lat' dir='ltr'><strong>sibi</strong></span> <span class='ocrx_word' id='word_1_684' title='bbox 1331 3666 1465 3728; x_wconf 88' lang='lat' dir='ltr'><strong>usurpent,</strong></span> <span class='ocrx_word' id='word_1_685' title='bbox 1491 3664 1627 3728; x_wconf 88' lang='lat' dir='ltr'><strong>quemlibet</strong></span> <span class='ocrx_word' id='word_1_686' title='bbox 1650 3668 1730 3718; x_wconf 92' lang='lat' dir='ltr'><strong>nostri</strong></span> 
     </span>
     <span class='ocr_line' id='line_1_86' title="bbox 954 3759 1727 3824; baseline -0.001 -10"><span class='ocrx_word' id='word_1_687' title='bbox 954 3785 965 3807; x_wconf 75' lang='grc' dir='ltr'>«ι</span> <span class='ocrx_word' id='word_1_688' title='bbox 980 3761 1075 3815; x_wconf 84' lang='lat' dir='ltr'><strong>ordinis</strong></span> <span class='ocrx_word' id='word_1_689' title='bbox 1085 3761 1178 3811; x_wconf 87' lang='lat' dir='ltr'><strong>indicta</strong></span> <span class='ocrx_word' id='word_1_690' title='bbox 1188 3773 1274 3810; x_wconf 88' lang='lat' dir='ltr'><strong>caussa</strong></span> <span class='ocrx_word' id='word_1_691' title='bbox 1286 3759 1423 3810; x_wconf 86' lang='lat' dir='ltr'><strong>interlicere</strong></span> <span class='ocrx_word' id='word_1_692' title='bbox 1433 3759 1565 3808; x_wconf 86' lang='lat' dir='ltr'><strong>conantes:</strong></span> <span class='ocrx_word' id='word_1_693' title='bbox 1579 3772 1607 3808; x_wconf 89' lang='lat' dir='ltr'><strong>ao</strong></span> <span class='ocrx_word' id='word_1_694' title='bbox 1616 3759 1727 3824; x_wconf 79' lang='lat' dir='ltr'><strong>fingite,</strong></span> 
     </span>
    </p>
   </div>
   <div class='ocr_carea' id='block_1_12' title="bbox 950 3848 1822 4108">
    <p class='ocr_par' dir='ltr' id='par_1_58' title="bbox 950 3848 1822 4108">
     <span class='ocr_line' id='line_1_87' title="bbox 952 3848 1822 3916; baseline -0.021 -7"><span class='ocrx_word' id='word_1_695' title='bbox 952 3880 964 3903; x_wconf 73' lang='grc' dir='ltr'><strong>ι</strong></span> <span class='ocrx_word' id='word_1_696' title='bbox 978 3860 1101 3909; x_wconf 81' lang='lat' dir='ltr'><strong>senatum</strong></span> <span class='ocrx_word' id='word_1_697' title='bbox 1114 3854 1219 3915; x_wconf 81' lang='lat' dir='ltr'><strong>dicere,</strong></span> <span class='ocrx_word' id='word_1_698' title='bbox 1239 3852 1283 3916; x_wconf 92' lang='lat' dir='ltr'><strong>qui</strong></span> <span class='ocrx_word' id='word_1_699' title='bbox 1296 3851 1360 3914; x_wconf 79' lang='lat' dir='ltr'><strong>base,</strong></span> <span class='ocrx_word' id='word_1_700' title='bbox 1376 3848 1531 3910; x_wconf 76' lang='lat' dir='ltr'><strong>sostenium,</strong></span> <span class='ocrx_word' id='word_1_701' title='bbox 1548 3849 1649 3915; x_wconf 84' lang='lat' dir='ltr'><strong>impune</strong></span> <span class='ocrx_word' id='word_1_702' title='bbox 1660 3854 1728 3904; x_wconf 72' lang='lat' dir='ltr'><strong>occi.</strong></span> <span class='ocrx_word' id='word_1_703' title='bbox 1821 3902 1822 3907; x_wconf 9' lang='grc' dir='ltr'>χ</span> 
     </span>
     <span class='ocr_line' id='line_1_88' title="bbox 950 3944 1746 4009; baseline 0 -11"><span class='ocrx_word' id='word_1_704' title='bbox 950 3949 1079 4003; x_wconf 76' lang='lat' dir='ltr'><strong>«dandos.</strong></span> <span class='ocrx_word' id='word_1_705' title='bbox 1123 3953 1236 4009; x_wconf 84' lang='lat' dir='ltr'><strong>Quonam</strong></span> <span class='ocrx_word' id='word_1_706' title='bbox 1256 3945 1330 3997; x_wconf 90' lang='lat' dir='ltr'><strong>modo</strong></span> <span class='ocrx_word' id='word_1_707' title='bbox 1353 3944 1416 3996; x_wconf 88' lang='lat' dir='ltr'><strong>banc</strong></span> <span class='ocrx_word' id='word_1_708' title='bbox 1442 3950 1542 3998; x_wconf 88' lang='lat' dir='ltr'><strong>senatus</strong></span> <span class='ocrx_word' id='word_1_709' title='bbox 1563 3947 1746 4009; x_wconf 60' lang='lat' dir='ltr'><strong>arrogantiamv</strong></span> 
     </span>
     <span class='ocr_line' id='line_1_89' title="bbox 950 4039 1728 4108; baseline -0.006 -12"><span class='ocrx_word' id='word_1_710' title='bbox 950 4072 963 4096; x_wconf 74' lang='lat' dir='ltr'><strong>a</strong></span> <span class='ocrx_word' id='word_1_711' title='bbox 982 4053 1097 4104; x_wconf 75' lang='lat' dir='ltr'><strong>ferretis?</strong></span> <span class='ocrx_word' id='word_1_712' title='bbox 1119 4047 1243 4108; x_wconf 87' lang='lat' dir='ltr'><strong>Quidnam</strong></span> <span class='ocrx_word' id='word_1_713' title='bbox 1264 4043 1393 4095; x_wconf 76' lang='lat' dir='ltr'><strong>diceretis?</strong></span> <span class='ocrx_word' id='word_1_714' title='bbox 1417 4044 1503 4092; x_wconf 83' lang='lat' dir='ltr'><strong>Nonne</strong></span> <span class='ocrx_word' id='word_1_715' title='bbox 1526 4039 1728 4108; x_wconf 75' lang='lat' dir='ltr'><strong>indignaremini,</strong></span> 
     </span>
    </p>
   </div>
   <div class='ocr_carea' id='block_1_13' title="bbox 951 4135 1729 4777">
    <p class='ocr_par' dir='ltr' id='par_1_59' title="bbox 951 4135 1729 4777">
     <span class='ocr_line' id='line_1_90' title="bbox 952 4135 1729 4208; baseline -0.021 -8"><span class='ocrx_word' id='word_1_716' title='bbox 952 4150 1004 4200; x_wconf 79' lang='lat' dir='ltr'><strong>«et</strong></span> <span class='ocrx_word' id='word_1_717' title='bbox 1025 4151 1133 4199; x_wconf 87' lang='lat' dir='ltr'><strong>atrocem</strong></span> <span class='ocrx_word' id='word_1_718' title='bbox 1147 4144 1261 4196; x_wconf 89' lang='lat' dir='ltr'><strong>iniuriam</strong></span> <span class='ocrx_word' id='word_1_719' title='bbox 1276 4142 1326 4208; x_wconf 90' lang='lat' dir='ltr'><strong>pati</strong></span> <span class='ocrx_word' id='word_1_720' title='bbox 1341 4140 1475 4199; x_wconf 83' lang='lat' dir='ltr'><strong>diceretis,</strong></span> <span class='ocrx_word' id='word_1_721' title='bbox 1494 4137 1517 4187; x_wconf 92' lang='lat' dir='ltr'><strong>si</strong></span> <span class='ocrx_word' id='word_1_722' title='bbox 1537 4135 1592 4200; x_wconf 84' lang='lat' dir='ltr'><strong>quis</strong></span> <span class='ocrx_word' id='word_1_723' title='bbox 1614 4138 1641 4186; x_wconf 89' lang='lat' dir='ltr'><strong>ct</strong></span> <span class='ocrx_word' id='word_1_724' title='bbox 1653 4135 1729 4190; x_wconf 72' lang='lat' dir='ltr'><strong>libere</strong></span> 
     </span>
     <span class='ocr_line' id='line_1_91' title="bbox 952 4234 1727 4310; baseline -0.018 -14"><span class='ocrx_word' id='word_1_725' title='bbox 952 4263 964 4287; x_wconf 72' lang='grc' dir='ltr'><strong>ι</strong></span> <span class='ocrx_word' id='word_1_726' title='bbox 976 4243 1092 4310; x_wconf 91' lang='lat' dir='ltr'><strong>loquendi</strong></span> <span class='ocrx_word' id='word_1_727' title='bbox 1108 4244 1229 4294; x_wconf 87' lang='lat' dir='ltr'><strong>licentiam</strong></span> <span class='ocrx_word' id='word_1_728' title='bbox 1242 4242 1269 4290; x_wconf 90' lang='lat' dir='ltr'><strong>et</strong></span> <span class='ocrx_word' id='word_1_729' title='bbox 1287 4239 1367 4304; x_wconf 90' lang='lat' dir='ltr'><strong>ipsam</strong></span> <span class='ocrx_word' id='word_1_730' title='bbox 1386 4235 1525 4286; x_wconf 86' lang='lat' dir='ltr'><strong>libertatem</strong></span> <span class='ocrx_word' id='word_1_731' title='bbox 1540 4234 1612 4285; x_wconf 82' lang='lat' dir='ltr'><strong>robis</strong></span> <span class='ocrx_word' id='word_1_732' title='bbox 1631 4234 1727 4285; x_wconf 88' lang='lat' dir='ltr'><strong>adime·</strong></span> 
     </span>
     <span class='ocr_line' id='line_1_92' title="bbox 952 4331 1728 4408; baseline -0.021 -15"><span class='ocrx_word' id='word_1_733' title='bbox 952 4360 965 4384; x_wconf 74' lang='grc' dir='ltr'>ι</span> <span class='ocrx_word' id='word_1_734' title='bbox 981 4346 1032 4404; x_wconf 88' lang='lat' dir='ltr'><strong>ret,</strong></span> <span class='ocrx_word' id='word_1_735' title='bbox 1050 4342 1174 4408; x_wconf 90' lang='lat' dir='ltr'><strong>proposito</strong></span> <span class='ocrx_word' id='word_1_736' title='bbox 1203 4337 1291 4402; x_wconf 90' lang='lat' dir='ltr'><strong>capitis</strong></span> <span class='ocrx_word' id='word_1_737' title='bbox 1312 4334 1422 4400; x_wconf 90' lang='lat' dir='ltr'><strong>periculo</strong></span> <span class='ocrx_word' id='word_1_738' title='bbox 1448 4331 1552 4382; x_wconf 89' lang='lat' dir='ltr'><strong>liberam</strong></span> <span class='ocrx_word' id='word_1_739' title='bbox 1575 4344 1662 4380; x_wconf 85' lang='lat' dir='ltr'><strong>rocem</strong></span> <span class='ocrx_word' id='word_1_740' title='bbox 1684 4342 1728 4393; x_wconf 92' lang='lat' dir='ltr'><strong>pro</strong></span> 
     </span>
     <span class='ocr_line' id='line_1_93' title="bbox 952 4421 1726 4503; baseline -0.025 -14"><span class='ocrx_word' id='word_1_741' title='bbox 952 4458 964 4483; x_wconf 78' lang='grc' dir='ltr'><strong>ι</strong></span> <span class='ocrx_word' id='word_1_742' title='bbox 979 4438 1049 4503; x_wconf 87' lang='lat' dir='ltr'><strong>plebe</strong></span> <span class='ocrx_word' id='word_1_743' title='bbox 1062 4437 1173 4489; x_wconf 86' lang='lat' dir='ltr'><strong>emittere</strong></span> <span class='ocrx_word' id='word_1_744' title='bbox 1191 4431 1364 4486; x_wconf 83' lang='lat' dir='ltr'><strong>audientibus?</strong></span> <span class='ocrx_word' id='word_1_745' title='bbox 1379 4431 1439 4479; x_wconf 81' lang='lat' dir='ltr'><strong>llaec</strong></span> <span class='ocrx_word' id='word_1_746' title='bbox 1448 4439 1537 4491; x_wconf 85' lang='lat' dir='ltr'><strong>negare</strong></span> <span class='ocrx_word' id='word_1_747' title='bbox 1554 4438 1603 4475; x_wconf 91' lang='lat' dir='ltr'><strong>non</strong></span> <span class='ocrx_word' id='word_1_748' title='bbox 1616 4421 1726 4489; x_wconf 85' lang='lat' dir='ltr'><strong>potestis.</strong></span> 
     </span>
     <span class='ocr_line' id='line_1_94' title="bbox 951 4516 1728 4598; baseline -0.021 -14"><span class='ocrx_word' id='word_1_749' title='bbox 951 4534 1011 4583; x_wconf 80' lang='lat' dir='ltr'><strong>«lit</strong></span> <span class='ocrx_word' id='word_1_750' title='bbox 1029 4546 1142 4598; x_wconf 76' lang='lat' dir='ltr'><strong>quassos</strong></span> <span class='ocrx_word' id='word_1_751' title='bbox 1161 4532 1210 4595; x_wconf 92' lang='lat' dir='ltr'><strong>ipsi</strong></span> <span class='ocrx_word' id='word_1_752' title='bbox 1228 4530 1290 4579; x_wconf 86' lang='lat' dir='ltr'><strong>terre</strong></span> <span class='ocrx_word' id='word_1_753' title='bbox 1310 4524 1420 4583; x_wconf 89' lang='lat' dir='ltr'><strong>nolletis,</strong></span> <span class='ocrx_word' id='word_1_754' title='bbox 1440 4535 1540 4587; x_wconf 79' lang='lat' dir='ltr'><strong>aequum</strong></span> <span class='ocrx_word' id='word_1_755' title='bbox 1556 4533 1611 4570; x_wconf 86' lang='lat' dir='ltr'><strong>esse</strong></span> <span class='ocrx_word' id='word_1_756' title='bbox 1624 4516 1728 4582; x_wconf 83' lang='lat' dir='ltr'><strong>putatis,</strong></span> 
     </span>
     <span class='ocr_line' id='line_1_95' title="bbox 952 4610 1728 4681; baseline -0.026 1"><span class='ocrx_word' id='word_1_757' title='bbox 952 4650 964 4673; x_wconf 76' lang='grc' dir='ltr'><strong>α</strong></span> <span class='ocrx_word' id='word_1_758' title='bbox 981 4629 1042 4681; x_wconf 87' lang='lat' dir='ltr'><strong>alios</strong></span> <span class='ocrx_word' id='word_1_759' title='bbox 1057 4641 1087 4678; x_wconf 86' lang='lat' dir='ltr'><strong>ea</strong></span> <span class='ocrx_word' id='word_1_760' title='bbox 1116 4623 1324 4677; x_wconf 78' lang='lat' dir='ltr'><strong>terrcillaeccino</strong></span> <span class='ocrx_word' id='word_1_761' title='bbox 1345 4622 1417 4678; x_wconf 88' lang='lat' dir='ltr'><strong>sunt,</strong></span> <span class='ocrx_word' id='word_1_762' title='bbox 1440 4617 1564 4676; x_wconf 86' lang='lat' dir='ltr'><strong>Quirites,</strong></span> <span class='ocrx_word' id='word_1_763' title='bbox 1582 4613 1624 4664; x_wconf 88' lang='lat' dir='ltr'><strong>illa</strong></span> <span class='ocrx_word' id='word_1_764' title='bbox 1645 4610 1728 4662; x_wconf 85' lang='lat' dir='ltr'><strong>civilia</strong></span> 
     </span>
     <span class='ocr_line' id='line_1_96' title="bbox 952 4701 1726 4777; baseline -0.036 1"><span class='ocrx_word' id='word_1_765' title='bbox 952 4744 964 4768; x_wconf 69' lang='grc' dir='ltr'><strong>α</strong></span> <span class='ocrx_word' id='word_1_766' title='bbox 977 4727 1004 4777; x_wconf 88' lang='lat' dir='ltr'><strong>et</strong></span> <span class='ocrx_word' id='word_1_767' title='bbox 1023 4722 1148 4774; x_wconf 83' lang='lat' dir='ltr'><strong>moderata</strong></span> <span class='ocrx_word' id='word_1_768' title='bbox 1168 4723 1252 4771; x_wconf 86' lang='lat' dir='ltr'><strong>restra</strong></span> <span class='ocrx_word' id='word_1_769' title='bbox 1272 4715 1394 4767; x_wconf 84' lang='lat' dir='ltr'><strong>consilia?</strong></span> <span class='ocrx_word' id='word_1_770' title='bbox 1412 4715 1496 4763; x_wconf 84' lang='lat' dir='ltr'><strong>Nonne</strong></span> <span class='ocrx_word' id='word_1_771' title='bbox 1515 4711 1564 4759; x_wconf 89' lang='lat' dir='ltr'><strong>troc</strong></span> <span class='ocrx_word' id='word_1_772' title='bbox 1587 4708 1659 4770; x_wconf 83' lang='lat' dir='ltr'><strong>paeto</strong></span> <span class='ocrx_word' id='word_1_773' title='bbox 1677 4701 1726 4750; x_wconf 87' lang='lat' dir='ltr'><strong>rri-</strong></span> 
     </span>
    </p>
   </div>
   <div class='ocr_carea' id='block_1_14' title="bbox 61 4734 894 5002">
    <p class='ocr_par' dir='ltr' id='par_1_60' title="bbox 61 4734 894 5002">
     <span class='ocr_line' id='line_1_97' title="bbox 118 4734 894 4826; baseline 0.004 -27"><span class='ocrx_word' id='word_1_774' title='bbox 118 4768 131 4794; x_wconf 79' lang='grc' dir='ltr'><strong>α</strong></span> <span class='ocrx_word' id='word_1_775' title='bbox 146 4748 238 4820; x_wconf 90' lang='grc' dir='ltr'>χεσθαι</span> <span class='ocrx_word' id='word_1_776' title='bbox 265 4745 410 4821; x_wconf 87' lang='grc' dir='ltr'>δικαιοῦτε,</span> <span class='ocrx_word' id='word_1_777' title='bbox 437 4745 562 4807; x_wconf 87' lang='grc' dir='ltr'>πολιτικά</span> <span class='ocrx_word' id='word_1_778' title='bbox 586 4770 632 4826; x_wconf 94' lang='grc' dir='ltr'><strong>γε,</strong></span> <span class='ocrx_word' id='word_1_779' title='bbox 654 4734 676 4804; x_wconf 73' lang='grc' dir='ltr'><em>ὦ</em></span> <span class='ocrx_word' id='word_1_780' title='bbox 701 4744 827 4822; x_wconf 88' lang='grc' dir='ltr'>δημόται,</span> <span class='ocrx_word' id='word_1_781' title='bbox 848 4744 894 4803; x_wconf 81' lang='grc' dir='ltr'><strong>καί</strong></span> 
     </span>
     <span class='ocr_line' id='line_1_98' title="bbox 61 4829 894 4916; baseline 0 -24"><span class='ocrx_word' id='word_1_782' title='bbox 61 4852 89 4892; x_wconf 85' lang='lat' dir='ltr'><strong>oo</strong></span> <span class='ocrx_word' id='word_1_783' title='bbox 117 4829 240 4911; x_wconf 83' lang='grc' dir='ltr'>«μέτρια</span> <span class='ocrx_word' id='word_1_784' title='bbox 268 4834 340 4910; x_wconf 78' lang='grc' dir='ltr'>ὑμῶν</span> <span class='ocrx_word' id='word_1_785' title='bbox 357 4834 391 4893; x_wconf 82' lang='grc' dir='ltr'><strong>τδι</strong></span> <span class='ocrx_word' id='word_1_786' title='bbox 416 4833 602 4916; x_wconf 87' lang='grc' dir='ltr'>βουλεύματα,</span> <span class='ocrx_word' id='word_1_787' title='bbox 624 4838 733 4895; x_wconf 90' lang='grc' dir='ltr'>τοιαῦτα</span> <span class='ocrx_word' id='word_1_788' title='bbox 749 4831 894 4905; x_wconf 89' lang='grc' dir='ltr'>ἀξιοῦντες,</span> 
     </span>
     <span class='ocr_line' id='line_1_99' title="bbox 117 4918 893 5002; baseline 0.006 -28"><span class='ocrx_word' id='word_1_789' title='bbox 117 4947 130 4974; x_wconf 78' lang='grc' dir='ltr'>ο</span> <span class='ocrx_word' id='word_1_790' title='bbox 146 4922 193 4980; x_wconf 85' lang='grc' dir='ltr'><strong>οὐκ</strong></span> <span class='ocrx_word' id='word_1_791' title='bbox 224 4919 298 4980; x_wconf 85' lang='grc' dir='ltr'>αῦτολ</span> <span class='ocrx_word' id='word_1_792' title='bbox 326 4920 463 5002; x_wconf 77' lang='grc' dir='ltr'>βιῦαιοῦτε</span> <span class='ocrx_word' id='word_1_793' title='bbox 488 4921 534 4990; x_wconf 79' lang='grc' dir='ltr'><strong>τθς</strong></span> <span class='ocrx_word' id='word_1_794' title='bbox 556 4922 617 4982; x_wconf 83' lang='grc' dir='ltr'>καθ’</span> <span class='ocrx_word' id='word_1_795' title='bbox 645 4924 745 4982; x_wconf 72' lang='grc' dir='ltr'>ἑαυτῶν</span> <span class='ocrx_word' id='word_1_796' title='bbox 769 4918 893 4987; x_wconf 83' lang='grc' dir='ltr'>διαῦολδις</span> 
     </span>
    </p>
   </div>
   <div class='ocr_carea' id='block_1_15' title="bbox 947 4792 1727 5252">
    <p class='ocr_par' dir='ltr' id='par_1_61' title="bbox 947 4792 1727 5252">
     <span class='ocr_line' id='line_1_100' title="bbox 950 4792 1727 4882; baseline -0.041 -11"><span class='ocrx_word' id='word_1_797' title='bbox 950 4837 964 4863; x_wconf 78' lang='grc' dir='ltr'><strong>ι</strong></span> <span class='ocrx_word' id='word_1_798' title='bbox 978 4818 1058 4878; x_wconf 87' lang='lat' dir='ltr'><strong>mina,</strong></span> <span class='ocrx_word' id='word_1_799' title='bbox 1070 4829 1127 4882; x_wconf 79' lang='lat' dir='ltr'><strong>quae</strong></span> <span class='ocrx_word' id='word_1_800' title='bbox 1140 4813 1210 4864; x_wconf 86' lang='lat' dir='ltr'><strong>robis</strong></span> <span class='ocrx_word' id='word_1_801' title='bbox 1221 4811 1379 4876; x_wconf 85' lang='lat' dir='ltr'><strong>objiciuntur,</strong></span> <span class='ocrx_word' id='word_1_802' title='bbox 1394 4819 1452 4856; x_wconf 86' lang='lat' dir='ltr'><strong>vera</strong></span> <span class='ocrx_word' id='word_1_803' title='bbox 1473 4816 1526 4854; x_wconf 88' lang='lat' dir='ltr'><strong>esse</strong></span> <span class='ocrx_word' id='word_1_804' title='bbox 1539 4793 1690 4850; x_wconf 80' lang='lat' dir='ltr'><strong>confirmatis</strong></span> <span class='ocrx_word' id='word_1_805' title='bbox 1702 4792 1727 4841; x_wconf 90' lang='lat' dir='ltr'><strong>ot</strong></span> 
     </span>
     <span class='ocr_line' id='line_1_101' title="bbox 950 4885 1727 4976; baseline -0.039 -14"><span class='ocrx_word' id='word_1_806' title='bbox 950 4931 963 4956; x_wconf 90' lang='lat'>«</span> <span class='ocrx_word' id='word_1_807' title='bbox 977 4908 1038 4976; x_wconf 87' lang='lat' dir='ltr'><strong>ipsis</strong></span> <span class='ocrx_word' id='word_1_808' title='bbox 1050 4907 1197 4966; x_wconf 86' lang='lat' dir='ltr'><strong>declaratis,</strong></span> <span class='ocrx_word' id='word_1_809' title='bbox 1212 4916 1270 4965; x_wconf 86' lang='lat' dir='ltr'><strong>eos,</strong></span> <span class='ocrx_word' id='word_1_810' title='bbox 1285 4902 1329 4966; x_wconf 90' lang='lat' dir='ltr'><strong>qui</strong></span> <span class='ocrx_word' id='word_1_811' title='bbox 1347 4897 1451 4951; x_wconf 89' lang='lat' dir='ltr'><strong>suadent</strong></span> <span class='ocrx_word' id='word_1_812' title='bbox 1460 4897 1473 4955; x_wconf 78' lang='grc'>,’</span> <span class='ocrx_word' id='word_1_813' title='bbox 1487 4906 1517 4943; x_wconf 88' lang='lat' dir='ltr'><strong>ne</strong></span> <span class='ocrx_word' id='word_1_814' title='bbox 1531 4893 1593 4941; x_wconf 77' lang='lat' dir='ltr'><strong>lianc</strong></span> <span class='ocrx_word' id='word_1_815' title='bbox 1618 4885 1727 4934; x_wconf 80' lang='lat' dir='ltr'><strong>vestram</strong></span> 
     </span>
     <span class='ocr_line' id='line_1_102' title="bbox 950 4975 1726 5064; baseline -0.034 -15"><span class='ocrx_word' id='word_1_816' title='bbox 950 5001 1096 5052; x_wconf 70' lang='lat' dir='ltr'><strong>«iniustam</strong></span> <span class='ocrx_word' id='word_1_817' title='bbox 1117 4995 1254 5064; x_wconf 90' lang='lat' dir='ltr'><strong>potentiam</strong></span> <span class='ocrx_word' id='word_1_818' title='bbox 1276 5005 1386 5046; x_wconf 87' lang='lat' dir='ltr'><strong>crescere</strong></span> <span class='ocrx_word' id='word_1_819' title='bbox 1408 4990 1534 5044; x_wconf 89' lang='lat' dir='ltr'><strong>sinamus,</strong></span> <span class='ocrx_word' id='word_1_820' title='bbox 1553 4981 1615 5031; x_wconf 87' lang='lat' dir='ltr'><strong>bene</strong></span> <span class='ocrx_word' id='word_1_821' title='bbox 1639 4975 1726 5040; x_wconf 88' lang='lat' dir='ltr'><strong>reipu-</strong></span> 
     </span>
     <span class='ocr_line' id='line_1_103' title="bbox 947 5071 1727 5148; baseline -0.028 -4"><span class='ocrx_word' id='word_1_822' title='bbox 947 5117 962 5144; x_wconf 76' lang='lat' dir='ltr'><strong>a</strong></span> <span class='ocrx_word' id='word_1_823' title='bbox 977 5095 1049 5148; x_wconf 78' lang='lat' dir='ltr'><strong>blica</strong></span> <span class='ocrx_word' id='word_1_824' title='bbox 1070 5092 1215 5144; x_wconf 83' lang='lat' dir='ltr'><strong>consulere?</strong></span> <span class='ocrx_word' id='word_1_825' title='bbox 1233 5091 1305 5142; x_wconf 80' lang='lat' dir='ltr'><strong>certe</strong></span> <span class='ocrx_word' id='word_1_826' title='bbox 1325 5083 1386 5135; x_wconf 86' lang='lat' dir='ltr'><strong>mihi</strong></span> <span class='ocrx_word' id='word_1_827' title='bbox 1406 5081 1442 5131; x_wconf 91' lang='lat' dir='ltr'><strong>ita</strong></span> <span class='ocrx_word' id='word_1_828' title='bbox 1463 5076 1571 5125; x_wconf 77' lang='lat' dir='ltr'><strong>ridetur.</strong></span> <span class='ocrx_word' id='word_1_829' title='bbox 1606 5072 1678 5131; x_wconf 83' lang='lat' dir='ltr'><strong>Quod</strong></span> <span class='ocrx_word' id='word_1_830' title='bbox 1704 5071 1727 5122; x_wconf 88' lang='lat' dir='ltr'><strong>si</strong></span> 
     </span>
     <span class='ocr_line' id='line_1_104' title="bbox 947 5170 1725 5252; baseline -0.036 -10"><span class='ocrx_word' id='word_1_831' title='bbox 947 5211 960 5237; x_wconf 76' lang='lat' dir='ltr'><strong>r</strong></span> <span class='ocrx_word' id='word_1_832' title='bbox 977 5192 1076 5252; x_wconf 77' lang='lat' dir='ltr'><strong>rantra,</strong></span> <span class='ocrx_word' id='word_1_833' title='bbox 1086 5200 1161 5251; x_wconf 89' lang='lat' dir='ltr'><strong>quam</strong></span> <span class='ocrx_word' id='word_1_834' title='bbox 1173 5179 1362 5238; x_wconf 86' lang='lat' dir='ltr'><strong>insimulamini‚</strong></span> <span class='ocrx_word' id='word_1_835' title='bbox 1378 5177 1456 5226; x_wconf 89' lang='lat' dir='ltr'><strong>tacere</strong></span> <span class='ocrx_word' id='word_1_836' title='bbox 1469 5170 1558 5231; x_wconf 86' lang='lat' dir='ltr'><strong>ruitis,</strong></span> <span class='ocrx_word' id='word_1_837' title='bbox 1571 5182 1612 5220; x_wconf 86' lang='lat' dir='ltr'><strong>me</strong></span> <span class='ocrx_word' id='word_1_838' title='bbox 1624 5172 1725 5219; x_wconf 88' lang='lat' dir='ltr'><strong>auctore</strong></span> 
     </span>
    </p>
   </div>
   <div class='ocr_carea' id='block_1_16' title="bbox 117 4998 894 5271">
    <p class='ocr_par' dir='ltr' id='par_1_62' title="bbox 117 4998 894 5271">
     <span class='ocr_line' id='line_1_105' title="bbox 117 4998 894 5091; baseline 0 -22"><span class='ocrx_word' id='word_1_839' title='bbox 117 5039 130 5064; x_wconf 77' lang='lat' dir='ltr'><strong>a</strong></span> <span class='ocrx_word' id='word_1_840' title='bbox 144 5013 250 5084; x_wconf 87' lang='grc' dir='ltr'>ἀληθεῖς</span> <span class='ocrx_word' id='word_1_841' title='bbox 268 4998 346 5085; x_wconf 75' lang='grc' dir='ltr'>εἶναι,</span> <span class='ocrx_word' id='word_1_842' title='bbox 365 5011 411 5072; x_wconf 80' lang='grc' dir='ltr'><strong>καί</strong></span> <span class='ocrx_word' id='word_1_843' title='bbox 424 5011 484 5080; x_wconf 82' lang='grc' dir='ltr'>τοῦς</span> <span class='ocrx_word' id='word_1_844' title='bbox 498 5011 723 5091; x_wconf 82' lang='grc' dir='ltr'>συμῦουλεύοντας</span> <span class='ocrx_word' id='word_1_845' title='bbox 735 5008 783 5083; x_wconf 72' lang='grc' dir='ltr'><strong>τὴν</strong></span> <span class='ocrx_word' id='word_1_846' title='bbox 801 5007 894 5090; x_wconf 87' lang='grc' dir='ltr'>παρά-</span> 
     </span>
     <span class='ocr_line' id='line_1_106' title="bbox 117 5096 892 5182; baseline -0.003 -24"><span class='ocrx_word' id='word_1_847' title='bbox 117 5127 130 5153; x_wconf 86' lang='grc'>«</span> <span class='ocrx_word' id='word_1_848' title='bbox 145 5124 221 5177; x_wconf 89' lang='grc' dir='ltr'>νομον</span> <span class='ocrx_word' id='word_1_849' title='bbox 248 5102 323 5178; x_wconf 81' lang='grc' dir='ltr'>ὑμῶν</span> <span class='ocrx_word' id='word_1_850' title='bbox 349 5099 501 5160; x_wconf 87' lang='grc' dir='ltr'>δυναστείαν</span> <span class='ocrx_word' id='word_1_851' title='bbox 526 5099 564 5178; x_wconf 81' lang='grc' dir='ltr'><strong>μὴ</strong></span> <span class='ocrx_word' id='word_1_852' title='bbox 586 5108 711 5182; x_wconf 75' lang='grc' dir='ltr'>περιορᾶν</span> <span class='ocrx_word' id='word_1_853' title='bbox 736 5096 892 5175; x_wconf 74' lang='grc' dir='ltr'>αὐξομένην,</span> 
     </span>
     <span class='ocr_line' id='line_1_107' title="bbox 117 5186 891 5271; baseline 0 -28"><span class='ocrx_word' id='word_1_854' title='bbox 117 5216 130 5243; x_wconf 76' lang='grc' dir='ltr'>ο</span> <span class='ocrx_word' id='word_1_855' title='bbox 145 5187 179 5248; x_wconf 83' lang='grc' dir='ltr'>τά</span> <span class='ocrx_word' id='word_1_856' title='bbox 203 5188 293 5248; x_wconf 84' lang='grc' dir='ltr'>δίκαια</span> <span class='ocrx_word' id='word_1_857' title='bbox 310 5187 357 5249; x_wconf 79' lang='grc' dir='ltr'><strong>καί</strong></span> <span class='ocrx_word' id='word_1_858' title='bbox 375 5186 543 5271; x_wconf 85' lang='grc' dir='ltr'>συμφίροντα</span> <span class='ocrx_word' id='word_1_859' title='bbox 570 5193 610 5270; x_wconf 80' lang='grc' dir='ltr'><strong>τῷ</strong></span> <span class='ocrx_word' id='word_1_860' title='bbox 632 5188 712 5268; x_wconf 78' lang='grc' dir='ltr'>κοινῷ</span> <span class='ocrx_word' id='word_1_861' title='bbox 733 5189 891 5267; x_wconf 83' lang='grc' dir='ltr'>φρονοῦντας</span> 
     </span>
    </p>
   </div>
   <div class='ocr_carea' id='block_1_17' title="bbox 0 0 1890 5828">
    <p class='ocr_par' dir='ltr' id='par_1_63' title="bbox 0 0 1890 5828">
     <span class='ocr_line' id='line_1_108' title="bbox 0 0 1890 5828; baseline 0 0"><span class='ocrx_word' id='word_1_862' title='bbox 0 0 1890 5828; x_wconf 95' lang='lat' dir='ltr'><strong> </strong></span> 
     </span>
    </p>
   </div>
  </div>
 </body>
</html>
