3772 5828
62 646 74 675 l

207 312 246 373 to
723 316 894 379 DlONYSfl
917 318 1306 383 HALICARNASSENSIS

205 443 294 518 νότια,
308 442 355 504 καί
369 443 540 512 διεξελθόντες
561 445 669 507 ἅπασαν
688 448 811 509 Ἰταλίαν
825 450 873 520 τὴν
887 452 975 518 κάτω,

206 533 297 606 ίπειδῆ
314 535 480 613 πανταχόθεν
503 536 705 608 ἀπηλαύνοντο,
729 538 775 597 σύν
792 540 880 620 χρόνῳ
897 564 980 598 κατα-

206 623 400 698 σκευασάμενοι
423 622 530 701 σχεδίας
545 623 590 683 tut
604 627 643 705 τῷ
656 630 769 706 πορθμῷ
781 630 825 684 καὶ
840 626 976 700 φυλάξαν-

206 733 248 777 τες
267 708 391 769 κατιόντα
419 708 463 768 τόν
479 714 539 790 βοῦν
559 711 614 769 ἀπὸ
635 716 682 784 τῆς
702 713 820 781 Ἰταλίας
848 714 979 786 διέόησαν

164 825 178 861 ι
207 796 250 856 tat
262 797 310 869 την
325 796 435 876 ἔγγιστα
450 801 541 868 νῆσον.
586 802 720 880 Κατεῖχον
745 804 768 859 δ’
783 800 867 874 αὐτὴν
891 805 977 863 Σικα-

206 885 261 961 νοί,
277 885 349 965 γένος
363 885 512 965 Ἰύηρικδν,
532 890 562 947 οὐ
582 889 673 969 πολλῶ
691 889 816 968 πρότερον
840 891 978 950 ἐνοικισά-

208 999 281 1054 μενοι
298 976 399 1054 Λίγυας
413 977 569 1057 ρεύγοντες,
580 977 627 1037 καί
643 982 847 1058 παρεσκεύασαν
859 983 903 1060 ἀρ’
921 985 982 1040 inu·

207 1068 259 1123 τῶν
276 1066 405 1126 Σικανίαν
421 1069 552 1138 κληθῆναι
567 1066 616 1139 τὴν
629 1071 723 1140 νῆσον,
739 1070 903 1150 Τρινακρίαν
918 1071 981 1148 πρό·

205 1176 279 1234 τερον
304 1154 502 1231 ὀνομαζομένην
528 1155 572 1213 tut
600 1163 645 1215 τοῦ
675 1159 803 1234 τριγώνου
829 1158 980 1236 σχήματος.

153 1260 178 1301 tu
206 1234 296 1305 Ἦσαν
311 1244 335 1302 δ’
351 1245 379 1304 οὐ
395 1245 489 1302 πολλοὶ
502 1247 528 1302 ἐν
541 1242 646 1322 μεγάλῃ
663 1246 730 1323 αὐτῇ
743 1244 897 1326 οίκνίτορες,
920 1247 981 1306 ἀλλ’

177 1368 179 1373 ·
206 1336 223 1404 ἡ
241 1332 341 1393 πλείων
362 1337 408 1404 τῆς
430 1331 520 1412 χώρας
539 1331 577 1391 ἔτ’
598 1324 630 1404 ἦν
647 1333 754 1411 ἔρημος.
801 1335 984 1416 Καταχθέντες

206 1413 251 1482 οὐν
275 1423 311 1488 είς
329 1421 411 1492 αὐτὴν
434 1424 458 1480 ui
471 1420 578 1480 Σικελοί
593 1421 622 1478 τδ
640 1421 687 1497 μίν
709 1426 813 1500 πρῶτον
837 1426 863 1483 ἓν
886 1436 939 1492 τοῖς
957 1429 981 1483 έ-

207 1510 325 1590 σπερίοις
339 1509 444 1589 μέρισιν
456 1506 581 1590 ᾤκησαν,
597 1507 689 1568 ἔπειτα
702 1508 748 1570 καί
759 1510 827 1571 άλλη
843 1513 978 1593 πολλαχῇ,

119 1596 121 1600 ’
206 1596 253 1658 καί
266 1596 382 1674 τοῦνομα
398 1600 415 1668 ἡ
430 1600 508 1668 νῆσος
523 1595 567 1655 ἐπὶ
582 1595 681 1655 τούτων
693 1596 795 1676 ἤρξατο
808 1599 919 1659 Σικελία
935 1624 981 1659 κα·

153 1707 177 1747 ft
206 1690 321 1748 λεῒσθαι.
364 1689 389 1746 Τ
391 1686 405 1743 ό
421 1684 468 1763 μίν
482 1686 513 1755 δὴ
530 1685 670 1744 Σικελικόν
684 1685 756 1764 γένος
772 1685 853 1753 ούτινς
863 1686 981 1754 ἐξέλιπεν

206 1776 336 1850 Ἰταλίαν,
356 1779 392 1841 ῶς
407 1774 455 1851 μὲν
473 1773 657 1840 Ἑλλάνικοςθ
679 1774 793 1842 nictit<
812 1798 890 1856 φησι,
906 1778 982 1858 τρίτη

205 1876 284 1948 γενεᾷ
302 1865 429 1945 πρότερον
440 1869 494 1923 τῶν
507 1866 655 1944 Τρωϊκῶν,
672 1864 815 1939 Ἀλκυόνης
834 1866 980 1946 ἱερωμένης

206 1960 234 2016 ἐν
248 1956 341 2036 Ἄργει
355 1954 426 2013 κατὰ
450 1954 480 2013 τδ
504 1953 581 2012 ἕκτον
595 1952 641 2011 καί
656 1953 773 2013 είκοστδν
789 1954 854 2021 ἔτος.
885 1955 939 2015 Δύο
954 1955 983 2015 δὲ

206 2045 277 2105 ποιεί
289 2043 397 2109 στόλους
412 2040 561 2107 Ἰταλικοὺς
576 2040 719 2108 διαόάντας
736 2044 773 2112 είς
789 2043 926 2106 Σικελίαν·
939 2043 982 2103 τὸν

151 2149 178 2188 2⁰
208 2132 255 2210 μὲν
283 2134 411 2212 πρότερον
438 2129 584 2207 Ἐλύμων,
612 2130 655 2197 ούς
674 2153 755 2211 φησιν
779 2131 824 2189 ὐπ’
839 2132 982 2214 Οἰνώτρων

208 2223 396 2292 ἐξαναστῆναι,
412 2219 456 2278 τδν
474 2220 501 2278 δὲ
518 2220 585 2295 μετὰ
600 2225 691 2278 τοῦτον
713 2220 766 2280 ἔτει
778 2220 894 2303 πέμπτῳ
907 2222 982 2299 γενό-

208 2334 286 2390 μενον
311 2307 440 2374 Αὐσόνων
475 2307 603 2384 Ἰάπυγας
627 2308 786 2389 φευγόντων·
814 2310 927 2388 βασιλέα
954 2310 981 2371 δί

206 2398 305 2460 τούτων
321 2395 461 2477 ὐποραίνει
480 2396 610 2467 Σικελδν,
638 2398 683 2477 ἀρ’
699 2390 729 2457 οὐ
748 2397 865 2473 τούνομα
881 2403 937 2466 τοῖς
958 2399 982 2458 τ’

207 2483 354 2566 ἀνθρώποις
367 2479 415 2542 καί
427 2486 461 2563 τῇ
486 2482 560 2564 νήσῳ
578 2487 699 2554 τεθῆναι.
739 2483 787 2552 Ὡς
801 2484 829 2543 δὲ
851 2488 982 2552 Φιλιστος

151 2588 178 2626 ti
205 2578 220 2634 ὁ
242 2571 420 2654 Συρακούσιος
443 2573 556 2652 γράφει,
577 2570 672 2651 χρόνος
696 2571 743 2648 μὲν
766 2578 812 2644 τῆς
836 2575 982 2643 διαύάσιως

205 2653 237 2735 ἢν
261 2659 318 2727 ἔτος
339 2660 514 2736 ὀγδοηκοστὸν
537 2660 588 2738 πρὸ
621 2666 666 2718 τοῦ
694 2660 719 2718 Τ
722 2669 819 2740 ρωίκού
843 2664 980 2741 πολέμου,

206 2750 278 2818 ίθνος
303 2748 332 2808 δὲ
356 2748 386 2807 τδ
401 2748 571 2824 διακομισθὲν
598 2748 625 2817 ἐξ
648 2748 764 2818 Ἰταλίας
785 2751 838 2810 οὔτ’
853 2753 978 2813 Αὐσόνων

205 2838 261 2899 οὐτ’
276 2837 420 2915 Ἐλύμων,
445 2838 515 2897 ἀλλὰ
535 2839 655 2915 Λιγύων,
678 2838 785 2917 ἄγοντος
815 2841 910 2908 αὐτούς
934 2843 982 2901 Σι·

206 2931 293 2986 καλοῦ·
311 2930 402 2984 τοῦτον
418 2926 441 2983 δ’
455 2915 525 2982 είναί
551 2946 629 3004 φησιν
646 2926 701 2984 υίὸν
717 2926 843 3002 Ἰταλοῦ,
861 2926 908 2984 καί
922 2927 983 2994 τούς

152 3035 179 3076 ίο
206 3013 356 3092 ἀνθρώπους
391 3011 435 3071 ἐπί
469 3012 562 3072 τούτου
596 3014 797 3082 δυναστεύοντος
832 3038 981 3091 μετονομα-

206 3108 301 3172 σθῆναι
315 3103 450 3167 Σικελούς·
463 3101 639 3171 ἐξαναστῆναι
656 3104 680 3160 δ’
700 3106 730 3162 ἐκ
743 3109 790 3175 τῆς
805 3106 906 3163 ἑαυτῶν
922 3105 982 3172 τούς

207 3192 308 3269 Λίγυας
324 3188 375 3248 ύπό
389 3193 414 3247 τ’
431 3189 587 3267 Ὀμύρικῶν
603 3189 649 3249 καὶ
668 3192 826 3271 Πελασγῶν.
846 3193 979 3275 Ἀντίοχος

206 3283 255 3341 δ’ὁ
270 3280 449 3359 Συρακούσιος
464 3280 560 3360 χρόνον
576 3277 624 3356 μὲν
638 3281 668 3338 οὐ
680 3282 755 3354 δηλοῖ
763 3286 811 3352 τῆς
822 3281 980 3356 διαδάσεως,

207 3368 334 3434 Σικελούς
363 3367 390 3426 δὲ
413 3367 472 3435 τοὺς
497 3367 711 3444 μεταναστάντας
732 3368 893 3450 ἀποφαίνει,
918 3377 981 3451 βια-

154 3473 180 3514 tn
208 3455 392 3524 eeivraetm‘
414 3456 438 3514 τ’
463 3456 606 3535 Οἰνώτρων
631 3457 677 3517 καὶ
695 3458 817 3519 Ὀπικῶν
834 3460 981 3539 Στράτωνα

208 3545 325 3624 ἡγεμόνα
339 3550 386 3615 τῆς
411 3544 535 3610 ἀποικίας
557 3548 764 3624 ποιησαμένους.
814 3550 982 3620 Θουκυδίδης

208 3634 235 3692 δὲ
251 3631 375 3698 Σικελούς
390 3632 438 3710 μίν
461 3624 528 3692 εἶναι
548 3633 644 3714 γράφει
658 3635 718 3703 τούς
741 3638 981 3713 μεταναστάντας,

208 3718 334 3787 Ὀπικούς
358 3721 385 3780 δὲ
403 3721 462 3789 τούς
477 3721 656 3799 ἐκόαλόντας,
672 3724 717 3785 τόν
744 3725 771 3784 δέ
793 3726 888 3807 χρόνον
918 3731 983 3787 πολ·

209 3813 262 3876 λοίς
277 3810 345 3866 έτεσι
359 3811 410 3866 τῶν
427 3813 557 3889 Τρωῖκῶν
574 3811 694 3894 ὕστερον.
737 3815 781 3876 Τδ
802 3815 849 3891 μὲν
866 3817 898 3888 δὴ
922 3816 982 3895 περὶ

162 3915 190 3954 tu
209 3901 327 3960 Σικελῶν
347 3897 479 3975 λεγόμενα
501 3903 553 3958 τῶν
570 3902 597 3970 ἐξ
609 3902 724 3970 Ἰταλίας
747 3905 981 3981 μετενεγκαμένων

207 3989 255 4058 τὴν
270 3984 374 4059 οίκησιν
388 3991 424 4056 είς
438 3988 566 4050 Σικελίαν
582 3992 632 4050 tet
647 3997 700 4051 τῶν
715 3993 794 4071 λόγου
806 3993 884 4062 οίξίων
898 3994 982 4050 τοιάδ’

166 4099 172 4131 ι
209 4076 288 4136 ίστίν.

166 4164 171 4172 ’
249 4166 352 4225 ΧΧΙΙΙ.
364 4167 400 4224 Οἱ
411 4164 438 4224 δὲ
450 4167 586 4247 Πελασγοί
596 4170 698 4240 πολλῆς
711 4168 758 4227 καί
771 4170 871 4244 ἀγαθῆς
887 4166 983 4245 χώρας

208 4251 407 4332 κρατήσαντες,
428 4258 515 4322 πόλεις
538 4281 567 4316 τε
583 4256 683 4322 πολλδις
705 4255 752 4333 μὲν
775 4255 983 4336 παραλσύόντες,

154 4365 181 4403 ιο
210 4341 292 4408 σίλλος
306 4343 328 4398 δ’
350 4343 424 4399 αὐτοί
443 4345 705 4416 κατασκευάσαντες,
722 4354 832 4423 ταχεῖαν
844 4343 890 4403 καί
902 4343 984 4421 μεγά-

208 4433 257 4503 λην
278 4428 395 4489 ἐπίδοσιν
415 4429 509 4491 ἔλαθον
524 4435 560 4500 είς
582 4431 719 4511 εὐανδρίαν
734 4431 779 4491 καί
800 4436 913 4492 πλοῦτον
937 4431 984 4490 καί

208 4519 256 4590 τὴν
268 4520 350 4590 οίλλην
364 4518 500 4598 εὐτυχίαν,
513 4513 545 4593 ἧς
556 4524 584 4580 οὐ
601 4520 682 4580 πολύν
693 4520 792 4580 ὤναντο
804 4522 907 4603 χρόνον
925 4522 984 4581 ἄλλ’

209 4608 287 4680 ἡνίκα
309 4607 425 4685 μάλιστα
449 4612 502 4674 τοῖς
523 4608 660 4684 σύμπασιν
684 4612 769 4668 άνθεῖν
784 4611 906 4687 ἐδόκουν,
923 4612 985 4678 δαι-

210 4697 308 4773 μονίοις
322 4696 377 4754 τισὶ
400 4698 488 4776 χόλοις
510 4698 730 4778 ἐλαστρηθέντες.
753 4702 776 4756 οἱ
799 4698 846 4774 μὲν
866 4701 917 4758 ὑπὸ
931 4703 983 4760 τῶν

155 4806 182 4842 ιο
209 4786 285 4843 θείων
308 4789 460 4865 συμφορῶν,
474 4790 498 4845 οἱ
514 4788 535 4844 δ’
552 4788 603 4844 ύπδ
619 4793 671 4845 τῶν
687 4786 899 4863 προσοικούντων
914 4794 981 4865 βαρ·

210 4871 299 4951 ύάρων
319 4872 505 4952 ἐξεφθάρησαν·
521 4874 551 4934 τό
566 4874 593 4932 δὲ
610 4876 730 4931 πλεῖστον
746 4876 832 4933 αὐτῶν
850 4878 926 4954 μέρος
949 4880 985 4944 εἰς

209 4962 256 5030 τὴν
278 4959 398 5019 Ἑλλάδα
423 4960 470 5021 καί
491 4962 538 5034 τὴν
564 4962 699 5041 βάρόαρον
723 4952 795 5029 αὐθις
824 4965 985 5036 ἐσκεδάσθη,

210 5048 270 5125 περὶ
297 5041 333 5106 ῶν
359 5049 441 5116 nott<
474 5050 504 5110 διν
533 5051 573 5123 είη
601 5050 691 5128 λόγος,
723 5051 745 5107 εἰ
766 5050 909 5129 βουλοίμην
936 5056 983 5122 τὴν

207 5135 347 5215 σἰκρίύειαν
369 5139 487 5217 γράρειν·
512 5139 597 5219 ὀλίγον
614 5139 641 5198 δὲ
662 5137 816 5216 κατέμεινεν
834 5140 860 5198 έν
880 5138 984 5223 Ἰταλία

1036 466 1136 525 agrale,
1149 477 1208 513 oum
1231 464 1340 529 undique
1366 464 1527 529 pellerentur,
1546 466 1641 516 ratibus
1662 467 1762 517 tandem
1783 467 1816 518 nil

1036 559 1124 609 fretum
1137 560 1243 623 paratis,
1258 564 1286 611 et
1305 561 1436 610 observato
1455 561 1564 610 secundo
1586 562 1671 611 neoris
1688 565 1769 622 estu,
1783 575 1816 612 ex

1034 663 1105 712 ltalia
1122 663 1146 712 in
1164 663 1299 727 proximam
1312 663 1417 713 insulam
1438 666 1596 715 traiecerunt.
1630 664 1691 713 Fam
1702 676 1761 713 vero
1775 664 1813 713 si-

1036 764 1164 827 canigone
1180 764 1272 814 iberica
1291 765 1422 824 tenebant,
1435 766 1478 828 qui
1495 779 1509 813 a
1531 763 1662 827 Liguribus
1675 764 1750 827 fugati
1766 777 1816 814 non

1037 861 1115 910 multo
1125 864 1182 911 ante
1192 860 1264 911 seties
1277 875 1335 910 snas
1346 861 1380 911 ibi
1393 865 1541 926 posuerant,
1553 864 1629 925 atque
1642 861 1773 911 effecerant
1788 865 1817 912 ut

1036 959 1068 1011 de
1085 975 1131 1011 suo
1144 961 1241 1012 nomine
1259 961 1339 1012 insula
1360 963 1456 1013 Sicania
1474 967 1621 1024 vocaretur,
1642 976 1699 1027 qum
1719 964 1817 1027 priusa

1037 1062 1562 1126 formatriangulaTrinacrionoroioabatnr.
1596 1066 1815 1127 tuquaqunmvrs

1036 1162 1117 1226 amplo
1129 1160 1196 1210 haud
1207 1164 1288 1212 tameo
1305 1161 1378 1211 multi
1391 1146 1462 1212 eraut
1473 1162 1568 1220 ineolae,
1582 1162 1627 1212 setl
1642 1163 1748 1214 murima
1763 1163 1817 1229 agri

1036 1261 1199 1325 perstruebat
1215 1260 1319 1311 deserta.
1333 1262 1410 1311 Siculi
1422 1260 1497 1325 igitur
1509 1261 1535 1310 iu
1547 1261 1611 1311 trane
1620 1261 1725 1312 insulam
1739 1262 1815 1312 delati

1036 1362 1143 1425 primum
1155 1361 1254 1425 ιγυίιίοιιι
1266 1362 1289 1410 ίιι
1301 1360 1411 1412 occiduis
1423 1362 1535 1425 partibus
1553 1360 1706 1419 habitarunt,
1726 1359 1817 1409 deinde

1036 1466 1111 1516 etiarn
1121 1466 1144 1514 iu
1159 1466 1243 1516 multis
1256 1465 1310 1516 ollis
1320 1467 1395 1528 loeis·,
1408 1470 1483 1530 atque
1496 1466 1577 1517 insula
1590 1465 1621 1515 ab
1633 1465 1672 1515 tris
1683 1464 1766 1515 Sicilia
1775 1476 1818 1513 νο-

1037 1566 1087 1616 tari
1098 1565 1182 1630 οιιγιίί.
1194 1568 1277 1617 Genus
1284 1565 1359 1629 igitur
1368 1566 1479 1616 Siculum
1493 1565 1589 1616 ltaliam
1598 1565 1635 1614 sie
1645 1563 1753 1626 reliquit,
1769 1562 1777 1624 (
1789 1565 1817 1612 ut

1037 1665 1112 1716 refert
1128 1664 1269 1714 Hellanicus
1290 1664 1406 1727 Lesbius)
1432 1664 1512 1714 tribus
1526 1663 1641 1713 aetatibus
1652 1667 1709 1712 ante
1725 1661 1817 1711 bellum

1036 1765 1181 1827 Troianum,
1196 1779 1259 1815 anuo
1277 1779 1334 1814 xxvi
1355 1764 1499 1823 sacerdotii,
1523 1763 1591 1828 quod
1607 1762 1730 1826 ilalepone
1747 1761 1817 1824 Argis

1037 1867 1176 1919 exercebat.
1189 1870 1256 1918 Duas
1270 1872 1354 1917 antem
1366 1867 1458 1917 classes
1469 1865 1567 1916 Italicas
1579 1865 1604 1914 iu
1616 1864 1722 1915 Siciliam
1741 1862 1817 1912 trafe-

1037 1971 1102 2022 cisse
1110 1972 1203 2022 tradit:
1217 1973 1324 2036 priorem
1334 1971 1486 2033 Eiymorum,
1499 1967 1601 2034 qnosab
1612 1967 1723 2016 OEnotris
1733 1965 1818 2029 pulsos

1037 2067 1116 2118 dicit:
1133 2066 1293 2129 posteriorem
1305 2078 1366 2115 vero
1387 2070 1514 2114 Ausonum
1537 2064 1639 2127 lnpygus
1661 2062 1818 2126 fngientium,

1037 2181 1095 2232 quar
1110 2167 1196 2228 quinto
1209 2171 1265 2230 post
1277 2181 1340 2217 auno
1352 2180 1381 2216 eo
1392 2165 1497 2215 traiecit.
1532 2167 1627 2215 Horum
1639 2166 1722 2213 antem
1733 2176 1815 2226 rogem

1037 2271 1147 2322 Siculum
1162 2270 1239 2319 fuisse
1259 2269 1327 2332 dicit,
1341 2284 1356 2319 a
1368 2282 1417 2335 qno
1429 2270 1480 2317 tam
1498 2266 1544 2330 ipsi
1561 2265 1627 2331 genti
1639 2279 1713 2328 quam
1727 2264 1813 2314 insnlae

1037 2384 1126 2421 nomen
1137 2370 1251 2419 inditum.
1284 2367 1347 2418 Sed.
1363 2371 1390 2416 ut
1405 2366 1525 2416 Philistus
1537 2369 1707 2428 Syracusanus
1717 2362 1813 2416 scribit.

1037 2476 1134 2535 tempus
1144 2509 1149 2529 ‚
1159 2486 1210 2535 quo
1223 2471 1264 2520 isti
1277 2472 1306 2520 ιἰι
1322 2469 1440 2519 insulam
1452 2468 1602 2518 traiecerunt
1615 2465 1661 2516 fuit
1673 2480 1736 2515 anno
1747 2468 1817 2515 octu-

1037 2574 1130 2637 gesimo
1143 2578 1200 2624 ante
1217 2572 1307 2623 trellum
1328 2571 1476 2631 Troianum3
1503 2571 1601 2631 gentem
1620 2580 1694 2627 vero,
1712 2580 1768 2631 ιμιιι·
1782 2578 1815 2616 et

1038 2678 1148 2727 lfnlineo
1168 2678 1309 2725 transuecta
1326 2673 1372 2722 fnit
1390 2684 1469 2734 neque
1490 2673 1632 2728 Ausonum,
1649 2681 1729 2732 neque
1753 2665 1814 2729 Ely-

1037 2789 1147 2833 morum,
1158 2771 1202 2822 sod
1215 2772 1331 2834 Ligurum
1343 2769 1417 2818 fuisse
1427 2767 1496 2827 dicit,
1506 2781 1570 2829 quos
1586 2766 1684 2816 siculus
1696 2766 1813 2815 ducebat.

1037 2880 1108 2926 fiune
1125 2888 1184 2924 vero
1198 2872 1253 2922 ltali
1269 2870 1348 2919 filiurn
1369 2869 1443 2918 fuisse
1461 2867 1530 2929 dicit,
1542 2873 1618 2933 etque
1632 2868 1680 2917 hoe
1694 2869 1813 2927 rogitante

1036 2977 1156 3036 homines,
1168 2974 1211 3036 qni
1223 2973 1274 3021 eius
1292 2969 1393 3034 imperio
1406 2968 1538 3031 parebant,
1551 2969 1646 3017 mutato
1662 2965 1759 3016 nomine
1774 2965 1812 3016 Sl·

1037 3075 1106 3125 culos
1120 3072 1261 3137 appellatos.
1294 3071 1395 3134 Ligures
1407 3071 1490 3118 autern
1501 3067 1532 3117 ab
1542 3067 1641 3117 Umbris
1659 3070 1685 3119 et
1703 3067 1813 3132 Pelasgis

1036 3190 1067 3226 ex
1078 3188 1136 3238 agro
1147 3186 1192 3222 suo
1206 3173 1289 3236 pulsos
1303 3184 1366 3221 esse.
1380 3173 1413 3219 nt
1426 3168 1560 3219 Antiochus
1572 3171 1741 3230 Syracusanus
1757 3168 1814 3219 nul·

1035 3277 1087 3326 lum
1098 3274 1198 3338 quidem
1210 3276 1306 3336 tempus
1318 3270 1435 3329 declarat,
1447 3281 1497 3333 quo
1509 3269 1595 3318 elassis
1607 3269 1632 3318 in
1643 3270 1750 3319 insulam
1760 3272 1815 3320 tra·

1036 3379 1133 3443 iecerit,
1146 3377 1190 3427 sed
1201 3376 1297 3426 Siculos
1309 3373 1385 3424 fuisse
1401 3372 1473 3443 dicit,
1487 3372 1531 3435 qui
1545 3372 1647 3421 coloniae
1665 3371 1753 3421 ducem
1771 3372 1818 3422 sibi

1036 3484 1173 3531 Stratonem
1189 3476 1352 3542 profecerint,
1369 3480 1395 3526 et
1407 3473 1507 3526 sedilum
1518 3473 1622 3524 mutatis
1634 3487 1664 3522 eo
1686 3472 1814 3536 migrarint

1036 3581 1068 3632 ab
1081 3584 1241 3632 OEnotrorum
1254 3583 1280 3630 et
1291 3579 1425 3642 opimium
1439 3577 1516 3642 copiis
1530 3590 1573 3641 por
1585 3578 1636 3626 rim
1648 3575 1735 3626 exacti.
1748 3573 1815 3624 Thu·

1037 3682 1138 3746 eydiiles
1148 3697 1208 3733 vero
1221 3695 1277 3742 eos,
1288 3680 1332 3743 qni
1347 3681 1499 3744 migrarunt,
1517 3678 1611 3728 siculos
1622 3675 1743 3740 appellnt.
1756 3674 1818 3738 Opi·

1036 3800 1079 3836 cos
1090 3800 1149 3836 roro
1157 3786 1201 3849 qui
1212 3799 1254 3836 eos
1265 3787 1400 3848 exegerunt
1415 3801 1421 3831 :
1436 3786 1531 3844 tempus
1544 3783 1628 3829 autem
1640 3776 1725 3825 multis
1745 3775 1818 3824 arrrris

1038 3893 1093 3952 post
1105 3888 1197 3938 bellurn
1209 3888 1341 3950 Troianum
1356 3885 1432 3935 fuisse
1444 3883 1513 3933 dicit.
1529 3883 1588 3930 Haeo
1600 3880 1674 3942 igitur
1689 3880 1747 3925 suot
1759 3889 1817 3938 quau

1038 3990 1085 4039 viri
1104 3988 1152 4038 fide
1166 3987 1232 4048 digni
1245 3987 1345 4036 trudunt
1354 3983 1502 4043 desieulis,
1518 3980 1561 4043 qui
1575 3992 1607 4030 ex
1621 3976 1692 4026 ltalia
1711 3975 1737 4025 in
1753 3975 1819 4026 Siei-

1039 4086 1095 4136 liam
1112 4085 1182 4135 sedes
1195 4097 1253 4133 suas
1269 4082 1455 4132 transtulerunt.
1758 4146 1762 4154 Ι

1069 4175 1158 4224 xxttl.
1175 4176 1206 4224 at
1220 4171 1315 4234 Pelasgi
1327 4169 1408 4232 amplo
1419 4182 1448 4217 ae
1462 4167 1535 4217 feraci
1551 4178 1610 4228 agro
1622 4162 1697 4212 armis
1709 4161 1754 4211 sibi
1770 4175 1819 4225 pn·

1039 4278 1106 4335 rato,
1119 4272 1194 4323 nrbes
1205 4270 1296 4320 multas
1314 4269 1473 4330 occuparunt,
1484 4267 1510 4315 et
1519 4263 1580 4314 alias
1591 4261 1637 4326 ipsi
1652 4261 1816 4322 edificantes,

1039 4372 1107 4422 trevi
1127 4370 1232 4431 viribus,
1243 4366 1361 4425 fortunis,
1372 4364 1461 4414 ceteris
1476 4361 1599 4413 felicitatis
1614 4359 1724 4423 partibus
1743 4357 1815 4408 valde

1039 4465 1104 4515 ancti
1123 4467 1196 4525 sunt,
1217 4461 1309 4527 quibus
1331 4462 1414 4509 tamen
1432 4472 1480 4508 non
1498 4458 1541 4509 diu
1565 4457 1719 4508 fruebantur.
1769 4451 1817 4503 Sed

1039 4575 1096 4612 cum
1112 4561 1217 4611 maxime
1239 4558 1314 4609 rebus
1334 4555 1448 4606 omnibus
1466 4556 1555 4606 florere
1578 4553 1732 4609 viderentur,
1752 4562 1817 4613 qua·

1039 4661 1096 4711 dam
1119 4658 1194 4708 divini
1211 4655 1319 4706 numinis
1337 4653 1374 4703 iro
1389 4652 1488 4713 vexati,
1509 4653 1600 4716 partim
1622 4649 1732 4701 datibus
1752 4646 1819 4697 diri·

1039 4758 1104 4807 nitus
1118 4753 1248 4814 immissis,
1266 4752 1354 4814 partim
1372 4763 1387 4798 a
1403 4750 1489 4800 ricinis
1503 4747 1614 4799 barbaris
1628 4746 1716 4805 deleti,
1737 4745 1816 4808 pene·

1038 4859 1102 4905 runt,
1136 4852 1243 4919 Maxima
1262 4852 1344 4899 autem
1360 4860 1447 4896 uorum
1468 4859 1525 4907 pars
1539 4857 1583 4907 per
1593 4842 1696 4893 Graeriae
1712 4852 1741 4888 ae
1757 4836 1816 4887 har·

1037 4952 1155 5002 berorum
1175 4947 1235 4996 fines
1254 4956 1340 4994 rursus
1359 4939 1528 5003 estrlispersa,
1548 4938 1581 4987 ile
1599 4937 1699 5000 quibus,
1723 4935 1744 4984 si
1759 4947 1812 4982 rem

1038 5051 1152 5100 accurate
1173 5044 1279 5095 seribere
1296 5038 1402 5099 vellem,
1416 5038 1516 5102 longum
1530 5039 1611 5094 esset;
1634 5034 1678 5084 sod
1697 5032 1768 5097 pauci
1785 5033 1811 5082 ίιι

1039 5145 1111 5198 ltalia
1127 5143 1299 5195 remanserunt
1317 5136 1475 5202 Aboriginum
1493 5133 1655 5200 providentia.
1695 5131 1817 5181 italorum
