3772 5828
200 325 259 382 itt

200 454 280 519 νωτθς
302 452 365 530 παρ’
377 450 441 522 ὅλην
455 448 502 519 τὴν
517 446 575 507 δδδν
592 448 735 524 έθυμιᾶτο,
749 445 794 506 καί
809 450 832 506 οἱ
852 446 885 504 τὰ
903 470 978 521 πομ-

200 541 262 598 πεῖα
275 539 471 619 παραφέροντες
486 535 609 614 ἀργυρίου
627 537 672 593 καῖ
683 535 793 613 χρυσίου
809 536 978 610 πεποιημένα

202 631 234 684 τά
244 652 272 685 τε
283 626 340 704 ispi
352 627 398 685 καί
410 623 444 682 τθι
458 623 584 699 δημόσια.
628 621 777 683 Τελευταῖα
788 621 816 681 δέ
829 623 935 680 πάντων
952 624 979 678 αἱ

203 719 254 772 τῶν
270 718 334 772 θεῶν
344 713 440 778 εἰκόνες
451 711 600 790 ἐπόμπευον
612 709 695 787 ὤμοις
705 712 749 767 ὑπ’
760 711 861 789 ἀνδρῶν
871 710 980 791 φερόμε-

162 815 174 850 ⁶
204 826 261 875 ναι,
273 802 374 884 μορφάς
390 826 419 860 τε
429 801 521 878 ὁμοίας
536 798 702 880 παρέχουσαι
716 807 774 866 ταῖς
784 801 847 879 παρ’
860 797 981 871 Ἕλλησι

205 893 397 967 πλαττομέναις
405 890 450 948 καλ
462 887 557 955 σκευδς
570 887 616 947 καί
626 886 749 965 σύμῦολα
758 887 804 947 καί
817 889 931 967 δωρεὰς,
942 879 978 947 ῶν

204 983 306 1060 εὑρεταὶ
316 981 362 1037 καί
375 980 481 1057 δοτῆρες
493 978 638 1057 ἀνθρώποις
654 973 761 1037 ίκοιστοι
775 976 978 1054 παραδίδονται,

204 1070 233 1126 οθ
249 1069 327 1144 μόνον
335 1067 404 1139 Διὸς,
411 1067 455 1125 καί
464 1066 561 1145 Ἥρας,
567 1067 612 1124 καί
623 1065 741 1138 Ἀθηνᾶς,
749 1065 980 1144 καῖΠοσειδῶνος,

206 1157 251 1215 καί
262 1160 313 1214 τῶν
326 1158 422 1228 ἄλλοιν,
436 1154 481 1221 οθς
489 1154 621 1226 Ἕλληνες
631 1157 657 1214 έν
668 1164 722 1221 τοῖς
735 1153 838 1214 δώδεκα
853 1159 919 1220 θεοῖς
931 1179 981 1213 κα-

205 1252 394 1323 ταριθμοῦσιν,
409 1241 537 1302 ἀλλὰκαὶ
552 1245 604 1301 τῶν
620 1243 849 1323 προγενεστέρων,
863 1243 889 1313 ἐξ
906 1233 943 1302 ῶν
956 1248 979 1302 οῖ

207 1334 307 1393 δώδεκα
330 1333 382 1393 θεοί
405 1335 609 1410 μυθολογοῦνται
625 1335 762 1410 γενέσθαι,
789 1332 908 1409 Κρόνου,
936 1333 980 1392 καί

206 1421 296 1495 Ῥέας,
307 1421 353 1479 καὶ
360 1420 485 1498 θέμιδος,
497 1420 543 1479 καί
552 1423 663 1491 Λητοῦς,
670 1419 716 1478 καὶ
722 1422 840 1499 Μοιρῶν,
850 1419 895 1478 καί
905 1423 981 1492 Μνη-

207 1511 338 1582 μοσύνης,
358 1509 468 1567 καὶτῶν
491 1507 578 1566 άλλων
594 1505 735 1581 ἁπάντων,
754 1510 822 1566 ὅσων
837 1506 907 1564 ἐστίν
922 1507 981 1585 ίερδι

208 1599 252 1656 καὶ
267 1598 363 1674 τεμένη
378 1597 442 1676 παρ’
451 1594 582 1667 Ἕλλησι,
594 1594 640 1653 καὶ
649 1598 701 1653 τῶν
716 1592 823 1672 ὕστερον
834 1593 877 1673 ἄρ’
889 1584 919 1651 ού
932 1594 980 1665 την

209 1685 293 1765 ἀρχὴν
306 1685 370 1751 Ζεύς
382 1683 517 1764 παρελσῦε
528 1682 761 1761 μυθολογουμένων
769 1682 898 1761 γενέσθαι,
910 1684 980 1761 Περ·

207 1773 327 1854 σερύιιης,
348 1773 505 1845 Εἰλειθυίας,
524 1773 656 1852 Νυμφῶν,
668 1774 793 1847 Μουσῶν,
809 1770 907 1850 Ὡρῶν,
922 1774 981 1832 Χα-

208 1862 295 1940 ρίτων,
321 1859 463 1935 Διονύσου,
487 1859 532 1918 καί
555 1858 624 1917 ὅσων
643 1858 760 1934 ἡμιθέων
785 1858 931 1938 γενομένων
954 1863 981 1918 αἱ

206 1950 290 2029 ψυχαὶ
313 1951 346 2008 τὰ
370 1949 452 2020 θνητδι
476 1950 656 2007 ἀπολιποῦσαι
676 1945 789 2024 σώματα
811 1950 846 2012 εἰς
871 1946 980 2025 οὐρανὸν

207 2040 323 2097 ἀνελθεῖν
345 2038 467 2118 λέγονται
490 2033 638 2112 καὶτιμὰς
661 2037 755 2116 λαχεῖν
774 2035 865 2110 ὁμοίας
895 2040 976 2108 θεοῖς,

207 2126 382 2207 Ἡρακλέους,
394 2126 567 2202 Ἀσκληπιοῦ,
575 2121 876 2201 Διοσκούροιν,“Ελένης,
884 2123 980 2197 Πανὸς,

207 2216 294 2272 ἄλλων
320 2218 431 2293 μορίοιν.
477 2212 572 2272 Καίτοι
595 2215 618 2271 εἰ
644 2209 773 2291 βάρύαροι
794 2201 862 2283 ἦσαν
887 2213 911 2269 οἱ
932 2209 979 2282 τὴν

207 2301 316 2378 Ῥώμην
330 2302 476 2367 οἰκίσαντες
490 2299 535 2359 καί
552 2299 599 2370 τὴν
621 2299 711 2379 ἑορτὴν
729 2296 827 2371 ταύτην
842 2321 979 2372 καταστη-

206 2390 332 2467 σάμενοι,
351 2390 378 2447 τί
392 2392 524 2467 προσῆκεν
550 2390 636 2454 αὐτοῖς
658 2384 717 2454 τοθς
737 2386 785 2465 μέν
807 2385 980 2459 Ἑλληνικούς

207 2476 325 2543 ἅπαντας
337 2476 423 2535 σέῦειν
433 2474 504 2542 θεούς
515 2499 542 2534 τε
555 2474 601 2533 καί
613 2474 749 2552 δαίμονας,
760 2478 813 2532 τῶν
823 2472 851 2532 δέ
862 2474 980 2554 πατρίων

152 2574 177 2613 ²³
206 2563 385 2644 ὑπερορῦνςἯ
395 2564 504 2633 δειξάτω
515 2587 552 2629 τις
570 2567 633 2640 ἡμῖν
645 2560 694 2631 ἔξω
703 2566 749 2621 τοῦ
761 2560 919 2635 Ἑλληνικοῦ
932 2568 980 2643 φῦ-

206 2655 252 2714 λον
270 2653 375 2732 ἕτερον,
391 2643 413 2734 ᾧ
428 2652 526 2732 πάτριά
541 2654 598 2710 ε’στι
618 2656 702 2709 ταῦτα
718 2648 752 2709 τδ
771 2653 847 2731 ἱεροί,
864 2653 909 2710 καί
921 2648 979 2709 τότε

207 2740 373 2799 διαῦαλλέτω
385 2739 483 2812 ταύτην
491 2738 539 2811 τὴν
551 2737 682 2806 ἀπόδειξιν
690 2742 725 2807 ῶς
738 2742 787 2819 οὐχ
796 2744 866 2821 ύγιῆ.
882 2741 981 2800 Συντε-

208 2829 341 2898 λεσθείσης
356 2829 383 2887 δὲ
398 2834 443 2900 τῆς
454 2833 579 2906 πομπῆς,
590 2827 744 2886 ίῦουθύτουν
755 2828 828 2894 εὐθὺς
836 2825 863 2886 οί
872 2852 900 2886 τε
912 2826 981 2886 ῦπα-

207 2941 247 2976 τοι
262 2919 306 2975 καὶ
323 2922 375 2976 τῶν
396 2917 504 2995 ἱερέων,
520 2907 557 2982 οἷς
572 2915 656 2988 ὅσιον,
671 2916 717 2974 καὶ
730 2920 744 2974 θ
757 2920 810 2975 τῶν
831 2919 980 2988 θυηπολιῶν

152 3014 179 3053 ³⁰
207 3005 326 3082 τρύποςδ
340 3005 416 3071 αὐτὸς
428 2999 460 3076 ἦν
473 3009 511 3086 τῷ
523 3007 586 3082 παρ’
599 3009 674 3079 buin:
688 3003 880 3084 Χερνιψάμενυί
890 3027 919 3064 τε
929 3005 980 3083 γάρ

208 3093 340 3151 αὐτοίκαὶ
359 3093 392 3152 τά
408 3091 467 3170 ἱερά
479 3094 590 3170 καθαρῷ
609 3091 823 3170 περιαγνίσαντες
841 3092 917 3149 ύδατι
932 3095 977 3150 καί

207 3181 373 3259 Δημητρίους
391 3177 507 3256 καρπούς
520 3177 704 3256 ἐπιρράναντες
720 3179 805 3234 αὐτῶν
822 3186 878 3243 ταῖς
898 3200 978 3255 κερα-

206 3273 279 3341 λαῖς,
295 3271 384 3328 ἔπειτα
397 3266 600 3342 κατευξάμενοι,
612 3264 680 3323 θύειν
697 3267 756 3324 τότε
772 3275 823 3332 τοῖς
840 3268 980 3344 ὑπηρέταις

208 3357 274 3416 αὐτὰ
287 3360 413 3416 ἐκέλευον.
455 3357 517 3414 Τῶν
532 3353 560 3411 δέ
571 3355 595 3411 nt
608 3352 655 3429 μέν
668 3356 780 3420 ἑστῶτος
792 3353 830 3413 ἔτι
841 3359 886 3412 τοῦ
898 3354 979 3429 θύμα·

152 3457 178 3494 ³⁶
208 3471 249 3511 τος
265 3447 382 3522 σκυτάλῃ
397 3443 456 3509 τοὺς
470 3441 615 3523 κροτάφους
637 3441 744 3513 ἔπαιον,
760 3443 784 3501 οἱ
798 3442 824 3502 δὲ
840 3442 980 3510 πίπτοντες

207 3534 361 3592 ύπετίθεσαν
377 3531 423 3599 τάς
438 3533 586 3611 σ’ρεγῖδας,
604 3532 648 3591 καί
671 3531 742 3607 μετά
757 3537 832 3591 τοῦτο
847 3531 978 3612 δείραντές

206 3647 234 3680 τε
259 3625 303 3681 καὶ
320 3620 474 3697 μελίσαντες
495 3621 618 3700 άπαρχδις
642 3621 792 3697 έλάμῦανον
814 3619 841 3690 ἐξ
866 3621 978 3680 ἑκάστου

210 3713 362 3788 σπλάγχνου
386 3709 431 3766 καὶ
457 3709 553 3772 παντὸς
579 3709 659 3767 άλλου
684 3710 792 3784 μέλους,
809 3708 839 3775 ἃς
865 3708 979 3787 άλρίτοις

208 3798 265 3864 ζέας
285 3796 474 3856 ἀναδεύσαντες
495 3795 655 3870 προσέφερον
680 3796 733 3862 τοῖς
748 3794 850 3852 θύουσιν
870 3795 913 3852 ἐπί
931 3818 979 3852 κα·

151 3899 179 3937 οι)
206 3889 266 3942 νῶν·
281 3890 305 3942 οἱ
320 3885 346 3942 δέ
363 3884 406 3940 ἐπὶ
420 3880 480 3945 τοὺς
495 3880 599 3958 βωμοὺς
616 3883 772 3948 ἐπιτιθέντες
789 3886 923 3962 ὑφῆπτον,
935 3881 980 3940 καὶ

206 3972 398 4047 προσέσπενδον
409 3959 476 4026 οἶνον
492 3967 562 4026 κατδι
574 3972 626 4026 τῶν
642 3968 827 4044 ἁγνιζομένων.
842 3964 977 4028 Ἕκαστον

208 4058 235 4114 δέ
248 4060 287 4116 ὅτι
305 4057 374 4115 κατὰ
387 4056 479 4132 νόμους
490 4055 588 4136 ἐγίνετο
597 4054 655 4120 τοθς
672 4057 739 4136 cippi
752 4054 841 4114 θυσίαν
854 4059 897 4136 bp’
918 4055 982 4118 ‘Ei-

206 4147 291 4216 λήνων
321 4144 552 4218 κατασταθέντας,
579 4146 609 4203 έκ
636 4149 683 4216 τῆς
703 4142 822 4222 Ὀμήρου
850 4144 979 4216 ποιήσεως

206 4234 304 4312 γνῶναι
331 4233 431 4312 ῥᾴδιον.
485 4234 537 4292 Καὶ
558 4232 609 4313 γὰρ
635 4230 855 4313 χερνιπτομένους
881 4234 981 4314 εἰσάγει

151 4339 177 4377 tn
206 4321 265 4390 τούς
278 4321 367 4401 ἥρωας
382 4322 426 4380 καί
437 4324 525 4389 οὐλαῖς
541 4323 693 4403 χρωμένους
710 4325 736 4381 ἐν
750 4313 787 4390 οἷς
804 4347 878 4403 φησι·

267 4475 409 4538 Χερνῖψαντο
425 4476 445 4523 δ’
459 4475 548 4534 ἒπειτα,
561 4476 601 4522 καὶ
613 4475 741 4537 οὐλοχύτας
752 4475 871 4525 ἀνέλοντο.

196 4598 424 4679 Τριχοτομοῦντάς
441 4623 470 4657 τε
492 4599 545 4657 ἀπὸ
563 4604 609 4671 τῆς
629 4601 745 4681 κεραλῆς
758 4597 804 4666 τδις
823 4599 917 4680 τρίχας
937 4601 982 4658 καί

204 4691 319 4753 τιθέντας
337 4689 380 4746 ἐπὶ
395 4689 424 4748 τὸ
434 4693 502 4765 πῦρ,
519 4679 570 4745 ῶδε
585 4686 700 4767 γράρων·

264 4831 323 4882 'dii'
334 4832 347 4879 ὅ
361 4828 383 4891 γ’
394 4829 556 4893 ἀπαρχόμενος
566 4831 666 4890 κεφαλῆς
675 4831 755 4892 τρίχας
764 4829 788 4877 ἐν
798 4829 852 4892 πυρὶ
869 4827 948 4891 βάλλε.

716 315 885 377 DlONYSII
908 315 1289 379 ttnttcnuuassunsts

1794 255 1806 365 ,f

1034 456 1092 506 bant
1105 469 1175 506 sacra
1188 458 1214 507 et
1227 456 1328 520 protana
1340 469 1372 507 ex
1384 460 1485 521 argento
1499 460 1524 506 et
1538 470 1600 506 auro
1617 457 1691 508 tacta.
1712 442 1823 508 Post're·

1034 563 1101 600 mum
1123 549 1147 599 in
1165 563 1255 614 pompa
1268 551 1350 600 iccum
1370 548 1513 600 obtinebant
1533 548 1636 599 deorum
1659 550 1823 613 simulacra,

1033 654 1088 704 qrrne
1103 640 1212 691 humeris
1226 640 1396 704 portabantur,
1411 653 1467 703 quae
1485 640 1548 690 tates
1562 639 1684 690 hebebant
1700 641 1821 699 formas,
1871 663 1874 671 ·

1033 732 1119 797 quales
1133 731 1200 797 apud
1219 735 1321 781 Graecos
1342 730 1476 796 finguntur,
1503 735 1529 782 et
1544 731 1650 781 eundem
1676 733 1819 796 habitum,

1034 824 1170 888 eademque
1190 824 1330 890 insigniret
1345 839 1460 888 munera,
1480 840 1536 890 quaa
1550 828 1581 876 ab
1594 841 1679 876 eorum
1696 841 1820 891 unoquo-

1035 933 1082 984 que
1097 919 1238 970 inventast
1253 917 1393 969 bominibus
1414 919 1473 968 data
1493 918 1626 969 traduntur
1642 940 1648 968 :
1665 934 1711 970 nec
1734 922 1821 972 solum

1037 1012 1119 1073 lovis,
1133 1009 1248 1071 lunonis,
1266 1010 1397 1072 Minervae,
1419 1011 1540 1076 Neptuni,
1562 1015 1588 1062 et
1607 1012 1728 1073 aliorum,
1752 1029 1822 1078 quos

1036 1107 1116 1159 Graeci
1128 1105 1192 1156 inter
1202 1103 1333 1156 duodecim
1339 1105 1400 1156 dens
1411 1109 1549 1168 recensent,
1562 1107 1606 1158 aad
1617 1107 1693 1158 etiarn
1703 1109 1822 1172 anssqun

1035 1217 1106 1267 rum,
1120 1216 1152 1254 ex
1161 1202 1250 1266 quibus
1267 1202 1400 1254 duodecim
1410 1203 1466 1254 iilos
1478 1205 1538 1255 dens
1553 1206 1649 1270 genitos
1660 1207 1752 1259 tabulae
1764 1214 1820 1260 tra·

1036 1300 1109 1351 dunt.
1144 1297 1244 1348 Saturni
1268 1300 1294 1348 et
1317 1297 1393 1348 Rheae
1416 1301 1442 1349 et
1464 1299 1590 1350 Themidis
1618 1305 1644 1351 et
1667 1306 1777 1365 Latonae,
1792 1312 1821 1359 et

1037 1392 1167 1440 Parcarum
1185 1389 1400 1450 itnemnsymeque
1411 1389 1438 1438 et
1451 1388 1604 1453 reliquorum
1621 1392 1732 1444 omnium
1751 1411 1820 1460 quo-

1037 1499 1093 1536 rum
1109 1495 1180 1533 sacra
1191 1483 1219 1532 et
1231 1478 1289 1531 fana
1303 1480 1370 1546 apud
1385 1483 1484 1532 Grecos
1502 1483 1667 1543 celebrantur,
1689 1491 1714 1539 et
1729 1503 1820 1542 eornm

1037 1581 1081 1647 qui
1093 1582 1223 1645 postquam
1244 1575 1355 1656 luppiter
1372 1587 1474 1640 reguum
1498 1577 1553 1627 noeii
1573 1579 1668 1644 accepit
1687 1583 1740 1633 nati
1763 1599 1821 1638 esse

1036 1672 1178 1726 traduntur,
1202 1665 1373 1730 Pmserpinaa,
1392 1667 1505 1728 Lucinae,
1521 1670 1707 1735 Nympharum,
1730 1679 1820 1730 Musa-

1037 1779 1107 1825 rum,
1122 1765 1258 1823 Horarum,
1279 1759 1437 1822 Gratiarum,
1461 1760 1558 1822 Liberi3
1584 1768 1609 1815 et
1632 1768 1819 1834 senridenrum,

1037 1868 1143 1922 quorum
1157 1852 1246 1902 animm
1264 1850 1338 1900 huius
1353 1851 1461 1916 corporis
1480 1854 1592 1906 mortalis
1612 1858 1701 1910 sotutre
1712 1862 1820 1917 vinculis

1037 1946 1129 1998 caelum
1138 1942 1308 2005 adscendisse,
1321 1947 1347 1995 et
1369 1943 1422 2008 pari
1436 1958 1494 1994 cum
1507 1945 1555 1996 diis
1564 1946 1656 2000 bonore
1670 1952 1719 2004 trui
1734 1955 1818 2009 ierun-

1037 2041 1087 2094 tur,
1101 2031 1229 2093 Herculis,
1242 2033 1392 2098 annotarat,
1406 2035 1516 2087 castoris
1528 2041 1553 2087 et
1568 2038 1691 2100 Pollucis.
1705 2045 1819 2111 Heienae,

1036 2133 1062 2180 et
1080 2125 1169 2187 Panis,
1183 2128 1209 2174 et
1225 2131 1399 2177 sexcentorum
1419 2127 1533 2182 aliorum.
1565 2134 1653 2197 Atqui,
1675 2137 1698 2186 si
1718 2137 1820 2194 barbari

1037 2220 1139 2270 inissent
1160 2221 1244 2268 Rome
1265 2220 1414 2282 conditores,
1440 2226 1467 2275 et
1481 2223 1526 2288 qui
1547 2221 1612 2272 huuc
1628 2222 1694 2275 diem
1719 2227 1817 2281 testum

1036 2310 1210 2370 instituerunt,
1219 2311 1344 2376 quomodo
1356 2313 1418 2378 ipsis
1430 2315 1549 2366 decorum
1561 2311 1646 2364 misses
1657 2329 1741 2366 omnes
1753 2320 1816 2371 dens

1037 2409 1156 2475 etgenins
1172 2410 1272 2459 Graecns
1290 2409 1384 2472 coiere,
1399 2413 1425 2461 et
1438 2411 1532 2476 patrios
1552 2412 1687 2478 negligere?
1708 2420 1757 2468 Aut
1771 2433 1817 2470 ns-

1037 2515 1122 2566 tandat
1133 2515 1204 2566 nobis
1214 2515 1318 2579 aliquis,
1340 2517 1432 2579 praeter
1444 2514 1554 2563 Graecam
1570 2513 1706 2576 nationem,
1723 2518 1822 2583 alium,

1036 2611 1076 2661 cui
1089 2623 1160 2661 sacra
1172 2608 1226 2660 haec
1239 2609 1288 2658 sint
1302 2606 1452 2669 domestica,
1465 2609 1493 2658 et
1503 2610 1558 2657 turn
1568 2607 1623 2658 brec
1635 2617 1779 2673 argumenta
1790 2618 1820 2666 ut

1037 2701 1137 2753 minime
1160 2715 1231 2762 sana,
1255 2699 1425 2766 reprehendat.
1478 2703 1582 2751 Peracta
1606 2706 1689 2753 autem
1715 2718 1819 2773 pompa,

1036 2795 1167 2846 confestim
1177 2797 1204 2846 et
1214 2792 1328 2845 consules
1344 2796 1371 2844 et
1382 2792 1538 2855 sacerdotes,
1556 2796 1649 2861 quibus
1663 2799 1700 2848 tas
1716 2807 1780 2864 erat,
1793 2808 1820 2856 et

1035 2887 1161 2952 aruspices
1172 2887 1286 2938 victimas
1293 2883 1450 2936 immolabant
1463 2903 1470 2934 ι
1481 2883 1557 2949 idque
1566 2886 1653 2937 eodem
1668 2889 1751 2948 modo,
1765 2907 1820 2955 quo

1036 2993 1081 3028 nus
1093 2980 1193 3030 utimur.
1226 2977 1364 3043 lpsienim,
1375 2976 1433 3026 tntis
1447 2975 1574 3037 manibus,
1590 2980 1616 3026 et
1628 2978 1735 3028 victimis
1751 2994 1820 3046 aqua

1036 3085 1097 3136 pura
1119 3071 1247 3130 lustratis,
1272 3068 1386 3132 molaque
1418 3065 1541 3130 adspersis
1566 3081 1650 3116 earum
1676 3070 1817 3136 capitibus,

1035 3170 1124 3221 deinde
1136 3166 1247 3234 precibus
1257 3162 1341 3222 tactis,
1351 3174 1395 3211 cus
1406 3172 1422 3208 a
1437 3158 1556 3211 ministris
1568 3164 1670 3212 mactari
1683 3166 1812 3222 iubebant.

1035 3264 1146 3321 Quorum
1162 3260 1204 3312 alii
1218 3262 1327 3322 tempora
1342 3254 1450 3305 victimas
1468 3253 1549 3304 adhuc
1565 3255 1654 3304 stantis
1665 3261 1736 3308 reete
1755 3274 1814 3323 per-

1034 3328 1176 3415 cutiebant,
1190 3350 1231 3403 atii
1244 3361 1305 3401 vem
1324 3346 1454 3399 eicadenti
1473 3345 1566 3396 cultros
1584 3347 1770 3412 supponebant,
1785 3367 1816 3402 ac

1034 3448 1145 3497 detracta
1157 3446 1220 3508 pelle
1231 3441 1386 3495 membratim
1408 3455 1464 3492 eum
1480 3439 1660 3497 concidebant,
1682 3446 1708 3493 et
1725 3445 1816 3508 primi-

1035 3546 1081 3596 tias
1092 3559 1122 3595 ωε
1137 3543 1238 3606 singulis
1249 3545 1313 3595 estis
1321 3541 1468 3595 etnmnibus
1476 3541 1531 3592 aliis
1547 3541 1664 3591 membris
1675 3543 1816 3608 capiebant.

1034 3652 1105 3702 quas,
1117 3636 1180 3687 farre
1190 3636 1333 3700 adspersas,
1347 3632 1545 3685 sacrificantibus
1559 3633 1584 3683 in
1598 3634 1713 3684 canistris
1724 3636 1815 3687 atteru-

1035 3730 1093 3781 bant
1111 3744 1116 3773 τ
1133 3730 1158 3780 hi
1175 3743 1235 3780 vern
1246 3730 1295 3779 aris
1318 3727 1446 3791 impositas
1464 3726 1648 3778 succendebant
1662 3728 1743 3787 ,etin
1757 3742 1815 3790 eas,

1035 3824 1094 3872 dum
1118 3824 1303 3880 cremarentur,
1317 3820 1403 3870 vinum
1430 3818 1597 3869 infundebant.
1644 3821 1703 3869 Haec
1731 3823 1817 3870 autem

1035 3913 1130 3977 singula
1149 3927 1180 3962 ex
1194 3926 1262 3963 nrnre
1274 3913 1299 3962 in
1315 3911 1443 3962 sacrificiis
1453 3914 1474 3960 'a
1491 3911 1586 3961 Graecis
1599 3911 1733 3961 constituto
1751 3912 1816 3971 beri,

1036 4024 1067 4061 ex
1080 4009 1180 4059 Homeri
1198 4009 1267 4074 poesi
1288 4007 1369 4072 quiris
1384 4007 1455 4059 tacita
1470 4013 1610 4072 cognoscat.
1647 4012 1708 4059 itam
1721 4008 1820 4060 inducit

1035 4100 1124 4152 heroas
1146 4115 1234 4151 manus
1256 4099 1383 4158 lavantes,
1403 4102 1428 4150 et
1440 4099 1512 4151 molis
1529 4103 1645 4160 utentes,
1664 4100 1706 4149 ubi
1728 4100 1764 4149 sic
1778 4099 1816 4148 in·

1035 4196 1139 4260 quitur:

1091 4459 1173 4502 Postea
1188 4470 1273 4502 murras
1283 4459 1409 4509 iuuerunt,
1420 4460 1443 4501 et
1454 4458 1528 4501 meins
1541 4456 1694 4512 proiecerunt.

1034 4599 1098 4649 iiiios
1110 4611 1209 4660 quoque
1220 4597 1251 4647 de
1262 4597 1343 4661 capite
1354 4601 1453 4656 sectos,
1468 4599 1493 4646 et
1508 4595 1539 4645 ab
1554 4594 1602 4645 iilis
1612 4596 1638 4644 in
1653 4596 1733 4659 ignem
1753 4611 1815 4647 con-

1036 4684 1125 4744 iectos,
1140 4684 1212 4734 docnt
1225 4684 1265 4734 bis
1274 4685 1374 4735 verbis:

1087 4827 1119 4870 At
1129 4826 1172 4872 rue
1185 4838 1252 4870 suern
1265 4826 1504 4882 contracertantes
1517 4824 1577 4880 piton
1588 4825 1614 4868 ιἰι
1624 4825 1702 4881 tpnem
1713 4826 1773 4868 iecit.

147 4977 174 5013 ω
194 4952 344 5019 zabadiam
362 4976 391 5012 τε
410 4956 534 5020 παίοντας
552 4954 586 5015 τά
604 4955 714 5024 μέτωπα
741 4957 792 5012 τῶν
815 4954 916 5031 ἱερείων
932 4953 977 5012 καί
1029 4965 1145 5018 tuentibus
1157 4967 1232 5017 ettam
1246 4963 1403 5014 victimarum
1424 4962 1532 5013 frontem
1548 4963 1582 5013 ab
1594 4963 1651 5013 ittr's
1661 4960 1774 5026 percuti,
1790 4964 1817 5011 et

200 5039 232 5094 τὰ
248 5041 362 5099 πεσόντα
377 5044 500 5117 θύοντας,
518 5048 554 5112 ὡς
578 5045 621 5102 ἐπὶ
642 5049 687 5116 τῆς
708 5042 829 5120 Εὐμαίου
848 5051 917 5103 ποιεῖ
932 5048 977 5101 θυ·
1032 5055 1152 5119 collapsas
1172 5051 1274 5105 mactari
1294 5048 1374 5107 dicit,
1391 5047 1455 5098 sicut
1476 5050 1500 5100 in
1526 5051 1619 5102 Eumeni
1634 5046 1755 5101 sacrificio
1779 5048 1816 5098 ta-

199 5126 266 5192 σίας·

1038 5141 1071 5191 cit
1087 5161 1093 5190 ι
