3772 5828
184 311 243 366 356

185 438 229 496 καί
262 440 468 516 προκυλιόμενος
493 438 545 493 τῶν
567 435 716 511 δημοτικῶν
752 434 864 493 ἑκάστου
893 431 963 509 μετὰ

185 527 316 605 δακρύων,
331 526 406 602 μολις
420 523 513 591 αὐτούς
535 521 639 583 έπεισιν
653 523 753 594 ἐκείνην
769 523 818 598 μίν
833 523 880 588 τὴν
891 521 959 596 ἡμέ-

186 638 233 692 ραν
255 617 383 692 έπισρεῖν,
405 616 440 679 εἰς
460 612 487 671 δὲ
513 613 560 685 vlo
589 615 714 671 ἀπιοῦσαν
731 611 816 683 ἥκειν,
847 615 881 677 ῶς
912 616 959 681 τῆς

186 706 281 775 βουλῆς
310 701 464 778 ἐπιμέλειάν
492 725 550 759 τινα
577 701 638 775 περὶ
655 703 743 758 αὐτῶν
768 699 956 776 ποιησομένης.

145 809 158 845 b
185 793 279 852 Ταῦτα
293 789 373 851 εἰπὼν
385 792 430 850 καῖ
445 789 489 848 τὸν
501 789 604 869 κάρυκα
621 795 735 848 ἀνειπεῖν
749 791 883 860 κελεύσας,
904 813 958 865 μη-

120 938 125 967 ,
187 882 249 941 δίνα
261 885 313 940 τῶν
328 882 468 939 δανειστῶν
481 878 575 944 ἐξεῖναι
585 881 663 955 σῶμα
677 878 811 938 πολιτικὸν
818 879 882 956 πρὸς
892 879 958 937 ἴδιον

187 975 262 1052 γρέος
279 973 403 1048 ἀπάγειν,
420 971 468 1035 ἕως
488 968 557 1038 ἀνὴ
583 967 664 1047 βουλὴ
688 967 748 1047 περί
774 970 862 1027 αὐτῶν
884 971 958 1046 διαγ·

187 1042 256 1137 νύίη,
270 1057 329 1124 τούς
341 1057 369 1116 δέ
384 1055 516 1134 παρόντας
530 1054 590 1114 όποι
604 1056 739 1135 βούλοιντο
750 1057 833 1123 ἀδεῶς
843 1055 958 1130 ἀπιέναι,

185 1149 290 1208 διέλυσε
303 1147 348 1205 τὸν
366 1144 482 1222 θόρυόον.

133 1246 159 1285 ¹⁰
224 1238 344 1299 XXVII.
369 1232 439 1293 Τότε
458 1231 507 1309 μὲν
525 1223 569 1290 οὐν
583 1231 684 1312 ᾤχοντο
704 1234 734 1291 ἐκ
745 1235 792 1304 τῆς
802 1235 910 1314 ἀγορᾶς·
925 1260 958 1314 τη

184 1326 207 1384 δ’
228 1326 285 1397 έξῆς
306 1321 393 1401 ἡμέρᾳ
409 1326 496 1399 παρῆν
512 1324 541 1377 οὐ
551 1320 628 1396 μόνον
654 1321 752 1378 όκατά
772 1320 848 1380 πόλιν
869 1322 957 1402 ὄχλος,

135 1403 139 1412 ’
185 1408 254 1467 ἀλλά
268 1409 314 1466 καί
329 1413 358 1468 έκ
379 1411 430 1466 τῶν
449 1406 572 1485 σύνεγγυς
586 1409 674 1487 ἀγρῶν
687 1407 717 1466 τό
732 1408 872 1485 δημοτικόν
887 1412 959 1481 πλῆ-

186 1502 237 1568 θος,
263 1496 308 1555 καί
321 1487 353 1566 ἦν
370 1496 396 1564 ἐξ
423 1499 529 1555 ἑωθινοῦ
547 1496 651 1574 πλήρης
672 1500 690 1566 ἡ
712 1496 809 1574 ἀγορά.
850 1500 907 1570 Τῆς
931 1497 959 1557 δὲ

186 1585 282 1663 βουλῆς
304 1582 488 1661 συναχθείσης,
504 1581 547 1640 tu
572 1583 749 1661 περὶτούτων
770 1584 962 1662 βουλεύσειενό

132 1703 157 1743 ης
186 1695 210 1729 τι
224 1669 276 1748 χρὴ
299 1670 436 1748 πράττειν,
454 1675 468 1729 δ
495 1672 544 1748 μὲν
568 1669 680 1738 Ἄππιος
700 1671 850 1746 δημοκόπον
872 1675 961 1735 ἐκάλει

185 1760 229 1818 τὀν
245 1757 409 1839 συνάρχοντα
432 1760 476 1819 καῖ
496 1764 544 1830 τῆς
558 1760 682 1828 ἀπονοίας
696 1764 747 1819 τῶν
772 1762 878 1839 ἀπόρων
897 1768 961 1840 ἡγε-

186 1846 267 1922 μόνα·
284 1850 297 1904 ό
312 1848 339 1906 δὲ
354 1843 504 1929 Σερουίλιος
528 1850 624 1907 ἐκεῖνον
640 1848 768 1928 αὐστηρόν
793 1849 838 1907 καὶ
858 1851 959 1923 αὐθάδη

184 1935 296 1995 καὶτῶν
314 1936 452 2016 παρόντων
467 1941 500 2011 τῇ
515 1937 590 1996 πόλει
605 1940 694 1996 κακῶν
710 1936 810 1995 αίτιον·
838 1939 911 2006 τέλος
933 1939 961 1997 δὲ

185 2021 258 2080 οὐδὲν
273 2023 372 2100 ἐγίνετο
395 2028 448 2082 τῶν
462 2024 556 2100 λόγων.
599 2022 648 2083 Ἐν
674 2022 702 2082 δέ
725 2022 810 2103 τούτῳ
840 2026 960 2085 Λατίνων

131 2142 158 2181 ιη
184 2113 278 2178 ίππεῖς
292 2112 359 2170 κατά
370 2111 487 2182 σπουδὴν
502 2110 653 2178 ἐλαύνοντες
665 2110 724 2179 τούς
734 2110 829 2178 ἵππους
841 2117 965 2193 παρῆσαν

186 2200 221 2266 εἰς
237 2199 284 2269 τὴν
297 2197 406 2278 ἀγορδιν,
422 2198 608 2269 ἐξεληλυθότας
628 2198 797 2277 ἀγγέλλοντες
812 2199 872 2268 τούς
885 2204 966 2260 πολε-

186 2287 259 2362 μίους
272 2287 374 2364 μεγάλῃ
389 2297 500 2368 στρατιᾷ
512 2288 557 2346 καί
572 2287 648 2354 όντας
658 2285 701 2344 όπί
712 2294 763 2353 τοῖς
771 2289 872 2346 έαυτῶν
885 2288 967 2368 όρίοις

185 2375 246 2447 ἤδη.
291 2374 345 2435 Καί
357 2376 380 2433 οί
396 2373 444 2451 μὲν
457 2381 556 2435 ταῦτα·
571 2379 595 2435 οἱ
610 2374 637 2434 δί
651 2373 785 2456 πατρίκιοι
799 2376 844 2433 καί
865 2377 895 2436 τό
911 2382 962 2436 τῶν

184 2464 288 2522 ίππίων
301 2465 398 2534 πλῆθος
410 2468 461 2523 τῶν
486 2489 516 2523 τε
532 2465 619 2526 ἀλλων
636 2462 691 2524 όσοι
706 2463 832 2531 πλούτους
848 2464 865 2536 ἣ
888 2465 962 2534 δόξας

130 2580 156 2618 25
187 2552 345 2633 προγονικάς
358 2544 440 2632 εἶχον,
456 2543 498 2610 οἶα
511 2552 544 2626 δὴ
559 2553 620 2632 περί
634 2553 756 2631 μεγάλων
771 2554 962 2621 κινδυνεύοντες

187 2642 330 2711 ὡπλίζοντο
352 2641 394 2699 δεδι
419 2643 528 2720 τάχους·
541 2641 634 2701 όσοιδ
656 2633 725 2714 ἦσαν
742 2643 827 2700 αὐτῶν
851 2641 960 2723 ἀποροι,

186 2731 302 2806 μάλιστα
329 2729 355 2787 δὲ
369 2734 393 2788 οῖ
407 2739 459 2797 τοῖς
476 2730 585 2798 δανείοις
606 2730 770 2806 πιεζόμενοι,
791 2729 850 2789 οὐτε
871 2731 961 2790 όπλων

188 2816 308 2887 ἥπτοντο,
316 2817 374 2876 οὐτε
381 2817 466 2885 ἄλλως
471 2816 630 2898 παρείχοντο
638 2821 692 2884 τοῖς
702 2825 796 2886 κοινοῖς
806 2819 961 2898 πράγμασιν

186 2906 338 2984 ἐπικουρίαν
364 2907 503 2985 οὐδεμίαν·
529 2907 653 2982 ἡδόμενοι
675 2904 702 2964 δὲ
726 2905 771 2964 καί
794 2909 853 2965 κατ’
879 2909 959 2988 εὐχὴν

129 3016 158 3055 ao
185 2992 322 3073 δεχόμενοι
349 2995 393 3053 τὸν
427 2994 520 3063 ἔξωθεν
544 2995 671 3069 πόλεμον,
690 2997 725 3060 ὡς
743 2997 794 3051 τῶν
822 2996 959 3074 παρόντων

185 3091 252 3164 σφᾶς
266 3087 353 3141 κακῶν
372 3081 599 3161 ἐλευθερώσοντα,
615 3089 668 3147 τοῖς
686 3081 713 3138 δὲ
742 3081 872 3157 δεομένοις
887 3083 959 3158 ἀμύ-

186 3195 236 3230 νειν
260 3172 447 3238 ἐπιδεικνύντες
467 3171 513 3235 el<
531 3171 634 3235 ἁλύσεις
656 3168 701 3227 καί
724 3168 771 3235 τὰς
795 3171 875 3236 πέδας
903 3176 959 3231 ἐπι-

185 3269 369 3340 κερτομοῦντες
385 3258 504 3337 ἠρώτων,
516 3261 539 3316 εἷ
552 3256 666 3328 τούτων,
683 3258 800 3336 φυλακῆς
814 3257 890 3317 ἕνεκα
907 3263 958 3318 τῶν

184 3350 288 3424 ἀγαθῶν
307 3348 377 3416 ἀξιον
402 3346 441 3418 εἴη
468 3346 542 3426 σρίσι
567 3346 700 3420 πολεμεῖν.
743 3346 842 3405 Πολλοί
866 3346 894 3405 δέ
914 3350 960 3408 καὶ

129 3454 155 3493 ³5
184 3436 267 3515 λέγειν
280 3438 408 3511 ἐτόλμων,
421 3439 455 3501 ῶς
466 3435 571 3510 ἄμεινον
586 3433 626 3506 εἴη
639 3433 814 3501 Οὐολούσκοις
831 3437 960 3497 δουλεύειν

185 3527 284 3600 μᾶλλον
312 3526 328 3595 ἢ
353 3524 398 3588 τάς
418 3524 504 3601 ύύρεις
524 3526 575 3581 τῶν
600 3523 746 3602 πατρικίων
765 3527 919 3599 ὑπομένειν·
939 3528 957 3600 ἥ

183 3636 209 3669 τε
224 3614 298 3679 πολις
321 3615 436 3688 οἰμωγῆς
455 3613 499 3670 καί
525 3611 633 3692 θορύόου
652 3611 697 3671 καί
718 3613 847 3672 παντοίων
866 3639 957 3692 γυναι·

183 3701 258 3758 κείων
271 3704 390 3780 ὀδυρμῶν
405 3701 564 3777 ἐπίμπλατο.

223 3792 359 3851 XXVIII.
382 3792 476 3850 Ταῦτα
491 3792 600 3869 δρῶντες
613 3793 636 3849 ol
651 3792 788 3869 βουλευταί
801 3797 848 3851 τοῦ
868 3796 956 3873 ἑτέρου

129 3889 155 3928 ου
184 3879 234 3933 τῶν
250 3881 358 3936 ὑπάτων
375 3878 545 3957 Σερουιλίου,
559 3875 586 3944 δς
601 3881 627 3937 ἐν
651 3882 689 3957 τῷ
707 3878 816 3957 παρόντι
837 3881 956 3939 πιθανῶ-

185 3986 257 4040 τερος
272 3957 405 4033 εἶναιτοῖς
432 3969 538 4032 πολλοῖς
554 3965 650 4040 ἐδόκει,
668 3970 769 4045 βοηθεῖν
796 3966 899 4026 ἐδέοντο
923 3973 956 4049 τῇ

185 4051 301 4128 πατρίδι.
351 4053 385 4113 ‘0
398 4055 425 4112 δέ
438 4053 602 4133 συγκαλέσας
626 4053 670 4113 τὸν
685 4056 768 4130 δῆμον
784 4057 820 4120 εἰς
834 4053 881 4125 τὴν
894 4058 957 4133 ἀγο-

186 4135 243 4214 ρύν,
256 4164 267 4188 ι
279 4144 323 4196 τοῦ
339 4141 467 4221 παρόντος
481 4147 572 4223 καιροῦ
597 4141 645 4212 τὴν
660 4143 777 4218 ἀνάγκην
792 4143 957 4203 ἐπεδείκνυεν

188 4252 198 4277 n
219 4224 304 4285 οὐκέτι
327 4230 541 4308 προσδεχομένην
563 4229 700 4296 πολιτικάς
725 4231 896 4310 φιλονεικίας,
912 4233 957 4292 καὶ

129 4334 153 4370 as
186 4337 201 4368 n
218 4314 289 4385 ἠξίου
305 4322 347 4373 νῶν
370 4317 417 4391 μέν
432 4319 513 4395 όμόσε
534 4320 587 4385 τοῖς
608 4318 742 4396 πολεμίοις
764 4322 860 4399 χωρεῖν
884 4326 957 4403 κοινῇ

188 4431 198 4452 o
219 4405 312 4484 γνώμῃ
336 4409 533 4482 χρησαμένους,
549 4408 594 4466 καλ
611 4406 648 4483 μὴ
666 4412 790 4485 περιιδεῖν
812 4411 957 4472 ἀνάστατον

187 4516 199 4549 a
216 4495 263 4554 τὴν
277 4494 392 4567 πατρίδα
402 4497 552 4572 γενομένην,
569 4488 623 4573 ἕνῇ
635 4497 686 4554 θεοὶ
698 4501 815 4577 πατρῷοι
824 4502 869 4558 καὶ
879 4506 957 4571 θῆκαι

186 4611 197 4633 α
216 4584 349 4658 προγόνων
361 4582 480 4648 ἑκάστοις
492 4576 597 4658 {eamd
612 4582 760 4661 τιμιώτατά
775 4590 844 4645 ἐστιν
859 4589 956 4647 ἅπασιν

187 4697 199 4720 u
216 4668 375 4748 ἀνθρώποις·
391 4670 487 4746 γονέων
499 4695 526 4728 τε
540 4675 604 4730 αἰδῶ
618 4673 708 4731 λαόεῖν
727 4676 775 4754 οὐχ
787 4678 883 4735 ίκανῶν
898 4678 955 4734 ε’σο·

126 4780 154 4818 to
186 4760 302 4833 «μένων
329 4762 429 4824 ἑαυτοῖς
453 4758 495 4817 διὰ
522 4764 604 4838 γῆρας
626 4763 741 4838 ἀμύνειν,
764 4763 956 4839 καὶγυναικῶν

186 4870 197 4894 υ
219 4846 290 4906 ἔλεον
307 4848 337 4916 ἃς
358 4848 449 4908 αὐτίκα
465 4847 538 4923 μάλα
555 4849 637 4916 δεινδις
652 4852 696 4908 καὶ
710 4852 853 4931 ἀφορήτους
871 4853 956 4930 ὐόρεις

187 4958 198 4978 ν
217 4935 490 5013 ἀναγκασθησομένων
508 4938 661 5013 ὑπομένειν·
677 4939 792 5014 μάλιστα
812 4938 839 4998 δέ
855 4940 954 4997 παίδων

188 5040 202 5069 α
221 5019 258 5074 ἔτι
270 5026 370 5093 νηπίων
385 5028 432 5085 οὐκ
442 5026 485 5085 ἐπὶ
497 5027 628 5094 τοιαύταις
644 5028 744 5085 ἐλπίσιν
757 5029 956 5108 ἀνατραφέντων

188 5131 199 5151 «
226 5110 352 5189 οἰκτεῖραι
377 5113 464 5180 leto<
495 5118 538 5174 καὶ
569 5113 803 5196 προπηλακισμούς
829 5117 959 5189 ἀνηλεεῖς·

712 300 877 361 elusisti
900 299 1274 364 Hauunarlnssea'sls

1012 439 1118 492 lacrimis
1131 444 1309 507 procumbens,
1324 447 1367 495 ria
1381 446 1480 499 tandem
1499 447 1547 500 iilis
1567 457 1741 518 persuasique
1759 473 1789 511 eo

1012 545 1087 597 dicae
1097 549 1259 612 mutinereut,
1269 554 1295 601 et
1304 555 1401 615 postem
1408 554 1448 605 dle
1454 555 1572 619 redirent,
1580 561 1725 624 promittens
1734 580 1788 618 rem

1011 665 1095 702 eurum
1107 656 1203 737 senatun
1219 672 1284 708 curas
1303 659 1364 711 lore.
1397 663 1457 712 lime
1469 664 1580 727 locutus,
1592 680 1647 718 cum
1661 684 1705 735 per
1718 688 1786 737 prm·

1013 767 1097 806 cenem
1120 759 1245 817 edixisset,
1269 763 1360 813 nemini
1373 765 1522 817 creditorum
1548 769 1623 823 licere
1638 787 1786 840 quemquam

1012 863 1091 914 civem
1106 867 1241 917 itomanam
1252 869 1285 918 ob
1296 869 1373 933 ipsius
1386 884 1421 921 aas
1431 873 1537 924 ebenum
1550 890 1642 928 nexum
1654 881 1785 949 abducere,

1012 968 1091 1018 donec
1108 974 1207 1021 senatus
1229 972 1260 1022 de
1277 972 1325 1023 illis
1339 976 1500 1039 cognovisset,
1513 982 1540 1029 et
1557 990 1693 1043 presentes
1718 1002 1788 1051 possa

1010 1072 1135 1124 tutuabire
1144 1088 1290 1138 quocunque
1301 1076 1423 1139 libuisset,
1437 1083 1574 1132 tumultum
1588 1084 1659 1137 illum
1673 1090 1785 1150 sedavit.

1048 1267 1147 1317 xxvii.
1157 1269 1225 1317 Tunc
1236 1268 1311 1332 igitur
1322 1270 1356 1319 illi
1367 1285 1397 1321 ex
1410 1273 1462 1321 loro
1476 1272 1648 1329 discesserunt.
1681 1283 1784 1334 Postero

1018 1365 1101 1413 autem
1117 1362 1156 1413 die
1180 1363 1260 1414 adluit
1270 1378 1317 1415 nou
1339 1366 1420 1416 solum
1442 1368 1496 1433 ipsa
1511 1371 1604 1422 urbana
1622 1375 1696 1426 turba
1714 1397 1720 1426 ι
1741 1381 1786 1430 sed

1018 1456 1092 1506 etiam
1108 1469 1138 1506 er
1150 1456 1269 1521 proximis
1288 1459 1353 1522 agris
1364 1461 1487 1524 popularis
1500 1464 1641 1528 multitudo,
1655 1472 1680 1519 et
1691 1485 1787 1522 summo

1017 1569 1089 1606 mane
1103 1559 1184 1606 totum
1196 1558 1277 1607 torum
1293 1557 1391 1620 plenum
1402 1563 1464 1613 erat.
1497 1565 1588 1614 coacto
1602 1570 1684 1618 autem
1700 1575 1787 1621 senatu

1017 1655 1123 1719 utquid
1140 1656 1220 1707 bisda
1242 1657 1317 1708 rebus
1328 1660 1486 1713 statuendum
1504 1667 1582 1724 esset,
1597 1669 1787 1730 consultaretur,

1018 1753 1110 1816 Appius
1117 1753 1297 1816 quidemsuum
1307 1755 1425 1819 collegam
1431 1759 1552 1823 arguebat
1558 1764 1632 1827 quasi
1642 1764 1718 1828 plebis
1728 1768 1788 1817 adu-

1017 1853 1120 1904 latorem
1131 1858 1157 1904 et
1168 1855 1257 1907 ducem
1271 1870 1407 1921 pauperum
1421 1859 1560 1913 insolentiae
1571 1884 1578 1925 ;
1588 1867 1707 1917 Servilius
1725 1882 1785 1919 reru

1017 1963 1075 2000 euru
1086 1954 1212 2003 austerum
1221 1956 1248 2003 et
1258 1959 1421 2019 arrogantem,
1436 1961 1463 2008 et
1474 1960 1632 2022 praesentium
1648 1965 1789 2029 reipublice

1015 2042 1134 2093 ruderum
1147 2048 1271 2096 auctorem
1286 2052 1328 2098 :et
1343 2048 1428 2100 nullus
1437 2050 1623 2104 altercationum
1636 2055 1691 2105 linis
1701 2056 1785 2108 tiebat.

1014 2139 1110 2188 interea
1124 2141 1206 2189 eutem
1226 2141 1305 2190 Latini
1317 2145 1413 2205 equites
1432 2144 1502 2209 equis
1523 2146 1652 2198 mositatis
1667 2149 1691 2198 in
1704 2150 1785 2200 lorum

1015 2231 1176 2292 advenerunt,
1190 2235 1384 2300 annueruntque
1398 2236 1482 2288 hostes
1492 2251 1549 2289 cum
1563 2238 1656 2304 Ingenti
1672 2243 1785 2293 exercitu

1015 2325 1090 2376 domo
1101 2340 1220 2389 egressos,
1238 2332 1264 2379 et
1285 2330 1331 2379 iam
1344 2343 1399 2381 esse
1412 2331 1437 2381 in
1447 2329 1487 2382 sul
1504 2331 1557 2396 agri
1570 2332 1669 2384 fluibus.
1703 2338 1784 2399 Atque

1009 2419 1046 2470 illi
1054 2420 1153 2485 quidem
1167 2421 1222 2471 haec
1234 2423 1388 2474 nuntiarunt.
1422 2423 1523 2476 Patricil
1537 2438 1612 2488 tero,
1627 2430 1652 2477 et
1662 2428 1786 2491 equestris

1015 2514 1110 2565 ordinis
1121 2515 1176 2571 riri,
1191 2520 1217 2565 et
1229 2517 1304 2566 ceteri
1318 2519 1435 2580 quoquot
1449 2517 1544 2569 dialtes
1556 2519 1596 2570 rel
1609 2520 1702 2572 nobiles
1717 2531 1788 2576 erant

1018 2611 1102 2672 utpote
1113 2609 1155 2672 qui
1170 2623 1214 2672 pro
1228 2610 1321 2673 magnis
1332 2608 1406 2660 rebus
1417 2612 1624 2675 periclitarentur,
1638 2629 1707 2666 arma
1720 2616 1788 2666 ocius

1016 2707 1150 2765 ceperunt:
1163 2706 1189 2753 at
1200 2705 1321 2766 quotquot
1331 2708 1402 2754 eraut
1420 2704 1515 2769 inopes,
1532 2707 1656 2771 precipue
1677 2721 1735 2760 vcro
1746 2713 1790 2771 qui

1016 2794 1160 2845 aercalieno
1173 2794 1354 2859 premebantur,
1368 2810 1449 2860 neque
1460 2811 1530 2848 arma
1545 2800 1691 2864 tangebant,
1709 2813 1788 2862 neque
1855 2802 1858 2807 ⁴

1011 2887 1088 2937 ullum
1111 2887 1177 2937 aliud
1203 2887 1343 2953 reipublice
1375 2889 1494 2940 auxilium
1516 2890 1640 2951 lerebmt3
1660 2892 1705 2943 sed
1728 2906 1786 2942 cum

1010 2978 1100 3041 gaudio
1115 2982 1140 3028 et
1151 2977 1272 3029 desiderio
1284 2979 1376 3030 bellum
1396 2983 1525 3032 externum
1538 2981 1698 3046 accipiebant,
1713 2986 1784 3048 quasi

1011 3062 1198 3124 epraesentibus
1210 3064 1282 3113 malis
1300 3063 1460 3115 liberaturum
1472 3068 1555 3115 asaetc
1578 3069 1652 3129 atque
1669 3069 1707 3129 iis,
1721 3069 1781 3131 quis

1011 3168 1054 3204 eos
1069 3154 1265 3206 adhortabantur
1285 3158 1316 3206 ad
1328 3159 1432 3221 patriam
1444 3157 1627 3219 defendendam,
1645 3163 1746 3211 catenas
1757 3164 1784 3211 et

1009 3251 1140 3314 compedes
1165 3264 1224 3299 cum
1250 3252 1372 3302 conviciis
1387 3252 1557 3314 ostendebant,
1581 3257 1655 3318 atque
1678 3267 1709 3303 ex
1719 3257 1779 3320 ipsis

1011 3344 1170 3407 querebant,
1183 3359 1242 3394 num
1264 3345 1351 3394 borum
1364 3345 1485 3396 bonorum
1503 3345 1682 3396 servandorum
1696 3359 1784 3396 caussa

1011 3451 1108 3499 equum
1120 3440 1185 3488 esset
1195 3451 1222 3488 se
1231 3437 1322 3488 bellum
1331 3451 1423 3501 gerere.
1457 3438 1522 3496 Quin
1533 3438 1607 3489 etiam
1618 3438 1690 3489 multi
1701 3438 1782 3492 dicere

1011 3531 1143 3595 audebant,
1156 3532 1232 3582 satius
1246 3545 1299 3581 esse
1315 3533 1406 3582 servire
1424 3531 1520 3583 Volscis
1542 3545 1616 3596 quam
1627 3532 1784 3596 patriciorum

1015 3625 1174 3676 contumelias
1188 3626 1305 3689 perterre.
1339 3628 1369 3674 Et
1382 3626 1435 3674 tota
1447 3624 1508 3675 urbs
1528 3624 1638 3677 ululatus
1652 3630 1678 3677 et
1690 3625 1785 3676 tumul-

1015 3719 1056 3767 tus
1077 3732 1105 3769 ac
1116 3718 1237 3768 variarum
1254 3717 1409 3767 muliebrium
1424 3715 1627 3767 lamentationum
1639 3719 1712 3781 plena
1725 3720 1785 3768 erat.

1046 3811 1154 3858 ililvlll.
1170 3810 1297 3863 Quuocum
1308 3809 1391 3855 Patres
1404 3805 1525 3865 riderent,
1541 3805 1670 3855 Servilium
1682 3804 1786 3856 alterum

1013 3906 1151 3962 consulem,
1171 3903 1242 3954 culus
1263 3903 1287 3952 in
1313 3917 1342 3952 eo
1357 3915 1437 3952 rerum
1456 3904 1522 3952 statu
1546 3916 1634 3967 magna
1652 3904 1784 3953 auctoritas

1013 4004 1077 4066 apud
1089 4002 1183 4064 plebem
1197 4000 1329 4051 videbatur
1343 4015 1406 4061 esse,
1429 4001 1548 4064 rogarunt
1560 4004 1589 4050 ut
1609 4000 1697 4065 patrie
1710 4013 1782 4064 opem

1014 4098 1095 4146 terret.
1130 4095 1173 4145 llle
1187 4109 1254 4155 vern,
1272 4094 1342 4157 plebe
1356 4094 1387 4145 ad
1414 4095 1555 4146 concionem
1576 4096 1721 4156 convocata,
1740 4095 1784 4146 de·

1012 4186 1160 4238 monstrabat
1177 4207 1188 4229 ι
1204 4187 1332 4249 praesentis
1349 4187 1465 4250 temporis
1477 4186 1649 4238 necessitatem
1671 4201 1720 4237 uun
1733 4188 1784 4250 palr

1013 4301 1025 4324 «ι
1040 4280 1145 4343 amplius
1159 4278 1242 4328 civiles
1263 4279 1444 4341 contentiones,
1468 4283 1494 4330 et
1513 4292 1555 4329 eos
1569 4280 1656 4329 orabat
1671 4283 1699 4328 ut
1721 4291 1785 4327 nunc

1013 4397 1024 4419 ιι
1039 4375 1138 4438 quidem
1156 4373 1282 4422 unanimes
1307 4374 1331 4422 in
1350 4373 1445 4422 hostem
1471 4374 1551 4430 irent,
1575 4387 1655 4436 neque
1677 4375 1783 4437 patriam

1013 4489 1024 4509 n
1040 4466 1151 4516 funditus
1161 4466 1239 4515 everti
1250 4468 1409 4528 paterentur,
1425 4466 1448 4514 in
1461 4478 1510 4527 qua
1526 4464 1560 4514 dii
1571 4465 1645 4527 patrii
1659 4469 1684 4516 et
1694 4480 1782 4516 monu-

1013 4587 1024 4610 n
1038 4568 1120 4616 menta
1135 4565 1256 4614 maiorum
1265 4564 1366 4628 siugulis
1377 4565 1472 4623 essent,
1490 4576 1545 4626 quae
1556 4563 1670 4611 omnibus
1691 4563 1784 4612 morta·

1012 4679 1024 4703 o
1040 4659 1103 4709 libus
1123 4658 1299 4721 pretiosissima
1318 4661 1390 4719 sunt3
1407 4658 1485 4718 utque
1496 4656 1610 4719 parentes
1627 4658 1783 4713 vererentur,

1013 4774 1024 4796 a
1041 4752 1083 4814 qui
1104 4766 1130 4801 se
1146 4766 1189 4814 per
1203 4755 1303 4800 aetatem
1319 4764 1367 4799 nnn
1383 4753 1483 4814 possent
1495 4746 1636 4801 detondere,
1650 4752 1725 4808 atque
1736 4747 1783 4794 mi-

1012 4868 1023 4890 ι
1038 4843 1169 4894 sericordia
1188 4845 1344 4890 morerentur
1357 4840 1498 4899 mulierum,
1518 4852 1573 4902 quos
1591 4850 1649 4885 mox
1664 4834 1780 4897 gravissi·

1011 4957 1022 4979 «ι
1037 4950 1090 4986 mas
1102 4940 1127 4986 et
1138 4935 1204 4985 haud
1218 4933 1356 4984 tolerabiles
1370 4932 1534 4983 contumelias
1550 4934 1641 4980 coacte
1653 4929 1733 4978 essent
1744 4922 1781 4971 la-

1010 5051 1021 5074 «
1040 5034 1119 5088 ωιτη
1137 5029 1259 5092 precipuo
1271 5042 1330 5077 vero
1344 5026 1483 5088 infantium,
1498 5038 1545 5073 non
1563 5024 1594 5073 ad
1612 5020 1688 5073 talem
1710 5030 1780 5080 spem

1010 5143 1021 5165 ν
1038 5125 1205 5182 uinculorum,
1231 5122 1333 5172 iniurias
1355 5125 1380 5171 et
1397 5118 1508 5169 crudeles
1524 5114 1683 5168 contumelias
1704 5111 1779 5162 rualse-
