3772 5828
663 295 957 370 auriqutrnrutt
981 294 1125 355 llObldN.
1149 296 1219 356 LlB.
1242 298 1290 358 Xl.

179 435 265 496 bs'rsr·
280 431 341 501 τούς
364 455 392 491 τε
415 430 579 511 κυρωθέντας
599 434 643 490 ὑπ’
669 432 755 489 αὐτῶν
776 430 871 508 νόμους
892 452 956 509 προ·

182 521 363 600 ύαλλομίνου,
377 519 409 580 δι’
424 511 461 579 ὧν
471 519 628 593 ἠλάττωται
639 519 670 579 rb
681 522 728 591 τῆς
744 519 840 599 βουλῆς
852 517 958 598 κράτος,

181 614 227 674 καί
242 613 329 672 τάλλα
343 607 542 688 πολιτεύματα,
561 607 610 668 ὅσα
624 598 694 668 ebroe
711 653 720 669 .
739 653 746 668 .
765 605 960 686 .πολιτευόμε-

180 729 221 764 νοι
235 702 400 762 διετέλεσαν·
415 697 569 758 τελευταίαν
587 697 615 757 δί
629 696 677 770 τήν
696 699 749 756 τῶν
766 697 830 757 δίκα
845 698 959 777 ἀνδρῶν,

140 808 154 845 ⁵
183 792 225 860 eb;
239 789 396 871 προύδωκαν
407 790 461 855 τοῖς
476 787 645 869 δημάρχοις,
666 788 720 846 τῶν
740 785 788 864 μέν
811 786 959 861 ἀπώλειαν,

182 887 235 942 τῶν
252 881 279 939 δέ
293 878 432 957 δήμευσιν,
448 879 484 945 ὣς
502 875 576 957 παρλ
598 874 657 942 τοὺς
671 874 763 955 ὅρκους
783 873 830 935 καὶ
843 873 890 943 τίς
902 898 961 933 συν-

183 970 276 1043 θήκας,
300 964 445 1036 διεξιόντος.
491 965 536 1025 Τὰ
555 962 607 1045 γάρ
623 963 666 1023 έπὶ
681 966 734 1022 τῶν
756 965 833 1045 ἱερῶν
849 985 960 1039 συνομο-

182 1057 327 1137 λογηθέντα
339 1063 391 1122 τοῖς
411 1052 559 1134 πατρικίοις
580 1051 645 1133 πρὸς
663 1049 725 1118 τούς
738 1049 895 1128 δημοτικούς
916 1049 959 1111 ίπί

185 1147 257 1205 ἀδεία
272 1170 301 1205 τε
315 1145 419 1203 πάντων
438 1142 558 1222 γενέσθαι
576 1141 622 1200 καὶ
646 1140 779 1222 ἀμνηστία
794 1144 845 1199 τῶν
861 1140 958 1221 προτέ-

132 1245 158 1283 ¹⁰
184 1257 234 1313 ρων
242 1211 254 1271 .'
269 1234 313 1295 τόν
331 1259 359 1295 τε
381 1235 492 1296 Ἀππίου
514 1233 624 1293 θάνατον
647 1232 694 1289 ούκ
713 1229 865 1308 αύτοχειρίρ
882 1229 954 1308 γενέ-

184 1327 243 1382 σθαι
257 1324 386 1403 λέγοντος,
401 1325 459 1383 ἀλλ’
472 1321 617 1387 έπιόούλοις
625 1317 677 1378 ὑπὸ
690 1320 741 1376 τῶν
752 1319 896 1399 δημάρχων
908 1320 960 1400 πρὸ

183 1412 268 1485 δίκης,
282 1410 325 1472 ἵνα
346 1412 413 1490 μήτε
429 1411 506 1490 λόγου
532 1410 601 1490 τύχη
622 1403 770 1485 κρινόμενος
791 1405 853 1482 μήτ’
871 1406 957 1475 έλίους

182 1501 224 1571 ὡς,
246 1502 268 1558 εί
289 1499 405 1572 κατέστη
425 1504 487 1578 γοῦν
504 1500 539 1564 είς
553 1497 637 1576 κρίσιν
657 1493 733 1576 ἁνήρ,
750 1493 838 1571 γένους
853 1492 957 1571 ἀξίωμα

182 1590 377 1667 παρεχόμενος,
403 1591 448 1647 καὶ
470 1585 557 1645 πολλδι
579 1585 609 1644 rb
631 1583 714 1641 κοινὸν
739 1572 767 1641 τύ
789 1582 956 1655 πεποιηκὼς,

130 1697 155 1735 ιο
181 1675 272 1756 ὅρκους
294 1700 323 1736 τε
344 1676 390 1735 καὶ
411 1677 511 1742 πίστεις
534 1671 725 1746 έπιόοόιμενος,
751 1659 793 1737 αἶς
826 1668 957 1749 ἅνθρωποι

183 1764 348 1831 πιστεύοντες
365 1767 401 1831 είς
416 1761 559 1840 διαλλαγάς
573 1758 760 1840 συνέρχονται,
775 1757 854 1818 τέκνα
867 1782 895 1818 τε
911 1760 957 1818 καὶ

183 1852 335 1932 συγγένειαν
353 1853 399 1913 καί
414 1851 478 1912 αὐτὸ
499 1851 529 1911 τύ
551 1849 673 1908 ταπεινὸν
689 1851 782 1927 σμῆμα
810 1849 856 1907 καλ
873 1849 958 1908 τάλλα

183 1942 269 2002 πολλλ
291 1941 411 2023 [φέρων]
434 1944 470 2009 είς
490 1932 576 2000 οἶκτον
602 1938 762 2019 ἐρελκύμενα
791 1936 822 2022 τύ
847 1937 956 2009 πλῆθος.

183 2033 277 2089 Ταῦτα
291 2029 324 2102 δή
342 2030 429 2090 πάντα
453 2027 661 2107 κατηγορήματα
685 2029 736 2083 τῶν
756 2024 863 2083 ύτιάτοιν
880 2026 957 2105 [κατ’

127 2134 156 2171 2⁰
183 2120 268 2177 αὐτῶν
283 2117 422 2198 ίκχίαντος
444 2115 577 2178 Κλαυδίου
593 2112 692 2187 Γαίου,
707 2113 753 2173 καί
766 2112 889 2194 πάντων]
903 2118 956 2172 τῶν

180 2205 334 2284 παρόντων,
351 2205 436 2276 ἔδοξεν
455 2206 540 2286 [δεῖν]
565 2207 674 2282 ἀγαπᾶν
697 2200 790 2270 αύτούς
805 2206 827 2261 εί
848 2204 886 2280 μὴ
903 2204 957 2263 δόι-

182 2318 256 2355 οουσι
272 2297 356 2362 δίκας·
373 2294 510 2376 Θριάμόοιν
522 2295 550 2354 δὲ
566 2289 751 2372 καταγωγῆςῆ
767 2295 851 2368 τιμῶν
872 2293 959 2353 τοιού-

181 2409 233 2443 τοιν
256 2383 451 2465 συγρωρήσεως
475 2382 534 2442 οὐδὲ
558 2380 629 2442 nest
658 2380 751 2460 μικρὸν
779 2379 865 2450 ἀξίους
892 2373 958 2442 εἶναι

181 2475 333 2554 τυγχάνειν.

127 2575 155 2610 ‘²5
222 2564 254 2623 L·
279 2558 528 2643 Ἀποψηρισαμένης
546 2557 573 2618 δέ
586 2562 632 2630 τῆς
651 2560 746 2638 βουλῆς
760 2557 805 2617 τὸν
820 2557 957 2638 δρίαμόον,

183 2653 391 2728 ἀγανακτοῦντες
416 2651 440 2708 ol
465 2648 526 2728 περὶ
552 2647 597 2707 τὀν
630 2646 774 2726 Ούαλίριον
802 2648 847 2705 καί
872 2647 957 2720 δεινήν

183 2738 257 2820 ύόριν
279 2737 512 2816 ύπολοςμόάνοντες
532 2736 697 2817 ύύρίζεσύαι,
725 2735 900 2796 συνεκάλεσαν
922 2737 958 2803 είς

185 2828 329 2899 ἐκκλησίαν
347 2827 378 2886 τὸ
392 2828 507 2899 πλῆθος·
524 2825 570 2885 καὶ
584 2825 671 2884 πολλδι
693 2827 740 2895 τῆς
761 2827 856 2904 βουλῆς
872 2848 956 2898 κατη-

181 2918 357 2995 γορήσαντες,
377 2915 623 2997 συναγορευσάντων
640 2914 727 2981 αὐτοῖς
744 2917 796 2972 τῶν
812 2913 957 2994 δημάρχων

125 3022 154 3061 ³0
182 3006 226 3065 καὶ
240 3006 319 3085 νόμον
343 3005 575 3086 εἰσηγησαμένων,
594 3001 667 3083 παρὰ
689 3007 735 3061 τοῦ
747 3001 831 3079 δήμου
846 3002 956 3079 λαμόά-

181 3093 313 3166 νουσιτήν
336 3091 496 3173 καταγωγήν
519 3096 565 3150 τοῦ
591 3088 742 3170 epistaten,
763 3092 863 3170 πρῶτοι
886 3089 955 3152 Ῥω-

180 3181 266 3255 μαίων
285 3183 502 3243 ἁπάντωντοῦτο
527 3178 732 3259 εἰσηγησάμενοι
746 3178 776 3238 τὸ
797 3178 861 3246 ἔθος.
906 3178 956 3241 Ἐκ

179 3269 207 3328 δέ
226 3270 320 3331 τούτου
332 3274 412 3334 πάλιν
427 3273 463 3338 είς
479 3267 634 3349 ἐγκλήματα
649 3265 695 3325 καί
720 3264 845 3348 διαρορδις
860 3269 883 3327 oi
904 3270 954 3343 δη-

179 3359 282 3433 μοτικοὶ
300 3359 456 3420 καθίσταντο
467 3358 530 3439 πρὸς
544 3356 603 3425 τούς
620 3357 786 3438 πατρικίους·
800 3356 952 3439 παρώξυνον

127 3459 153 3499 aa
180 3442 206 3499 δὲ
222 3444 316 3513 αύτούς
327 3447 351 3504 οἱ
367 3445 518 3525 δήμαρχοι,
540 3445 599 3504 καθ’
622 3444 723 3525 ἡμέραν
740 3444 954 3516 ίκιιλησιοίζοντες

179 3531 225 3590 καί
247 3533 333 3593 πολλὰ
358 3535 428 3594 κατὰ
448 3538 494 3606 τῆς
516 3536 611 3614 βουλῆς
634 3533 764 3612 λέγοντες.
810 3523 863 3594 Ἦν
891 3535 913 3593 δ’
935 3539 952 3607 ἡ

181 3623 296 3694 μάλιστα
308 3623 457 3704 ίρεόίζουσα
466 3621 526 3689 τούς
539 3620 652 3689 πολλοὺς
663 3621 804 3702 ὑπόληψις,
817 3622 849 3694 ἣν
860 3625 954 3683 ἐκεῖνοι

179 3709 381 3791 παρεσκεύασαν
395 3713 507 3793 ἰσχυρὰν
525 3713 661 3788 γενέσθαι,
678 3710 779 3793 φήμαις
795 3734 824 3771 τε
840 3712 954 3772 ἀδεοπό·

180 3821 233 3867 τοις
244 3800 290 3859 καὶ
308 3801 442 3878 εἰκασμοῖς
458 3801 598 3874 αύξηθεῖσα
613 3802 660 3860 οὐκ
679 3798 800 3878 ἀλόγοις,
817 3803 851 3868 ὡς
869 3824 954 3860 κατα-

123 3897 153 3935 ⁴0
179 3888 309 3948 λυσάντων
322 3894 374 3949 τῶν
392 3888 539 3971 πατρικίων
553 3886 613 3956 τούς
637 3888 746 3968 νόμους,
765 3888 808 3956 οὓς
821 3889 955 3970 ἐκύρωσαν

179 3980 277 4060 οἱπερὶ
302 3978 447 4059 Οὐαλέριον
471 3980 581 4038 ύπατοι·
606 3976 667 4046 δόξα
691 4001 719 4036 τε
738 3978 833 4059 ίαγυρά
856 3978 902 4038 καί
924 3982 954 4040 ού

179 4066 247 4125 πολὺ
265 4067 403 4146 ἀπέχουσα
425 4075 470 4128 τοῦ
490 4065 577 4133 πίστις
603 4056 667 4125 εἶναι
692 4064 752 4133 τούς
778 4064 888 4134 πολλοὺς
909 4090 955 4127 κα·

178 4160 259 4236 τεῖχε.
302 4156 402 4216 Kabala
415 4155 464 4233 μέν
478 4156 521 4216 ἐπὶ
536 4153 633 4214 τούτοιν
649 4154 801 4235 πραχθέντα
817 4158 869 4214 τῶν
884 4158 954 4217 bani·

177 4268 228 4304 των
243 4245 314 4306 ταῦτ’
329 4236 371 4317 ἧν.

121 4350 149 4388 tn
216 4335 263 4395 Ll.
287 4336 323 4394 Οί
342 4332 370 4392 δὲ
383 4331 428 4391 τὸν
443 4331 501 4404 ίξῆς
522 4329 715 4400 ὑπατεύσαντες
733 4333 850 4392 ἐνιαυτόν
867 4331 954 4412 Λάρος

176 4421 311 4504 Ἑρμίνιος
328 4423 373 4482 καὶ
387 4421 466 4491 Τίτος
478 4423 643 4503 Οὐεργίνιος·
667 4421 713 4482 καί
728 4426 752 4482 οἱ
765 4422 838 4504 παρὰ
853 4424 953 4484 τούτων

176 4510 223 4583 τὴν
238 4513 323 4595 ἀρχὴν
339 4510 560 4595 παραλαύόντες,
588 4508 697 4592 Μάρκος
721 4510 845 4590 Γεγάνιος
863 4560 870 4576 .
889 4561 896 4576 .
916 4557 950 4576 ..

119 4785 149 4824 ⁵⁰
216 4777 279 4837 Ltl.
303 4778 395 4852 Μηδὲν
410 4778 438 4838 δέ
460 4782 548 4840 αὐτῶν
564 4780 795 4856 ἀποκρινομένων,
812 4782 872 4841 ἀλλ’
888 4781 955 4857 ἀγα·

171 4863 351 4938 νακτούντων,
367 4866 505 4949 παρελθὼν
522 4859 596 4931 eibi<
613 4868 748 4937 Σκάπτιος
764 4869 807 4928 ἐπὶ
820 4869 849 4928 τύ
869 4873 953 4947 βῆμα·

171 4977 187 5004 τ
203 4949 318 5030 Ἔχετε,
337 4952 406 5035 έμη,
422 4954 702 5036 παρακεχωρημένον,
720 4955 811 5036 ἀνδρες
828 4958 952 5032 πολῖται,

173 5066 186 5092 ιι
202 5037 266 5117 παρ’
283 5041 437 5099 αὐτῶντῶν
454 5042 668 5124 διαφερομένων,
689 5043 731 5104 δτι
753 5048 801 5116 τῆς
820 5044 953 5123 ἡμετέρας

168 5153 186 5183 α
195 5127 293 5209 χώρας
320 5129 422 5194 ἑαυτοῖς
439 5131 521 5208 μηδὲν
544 5131 732 5214 προσηκούσης
755 5134 952 5193 ἀντιποιοῦνται

1731 308 1791 370 677

1015 450 1168 500 quaecunque
1187 436 1228 487 isti
1241 438 1264 485 in
1287 438 1429 502 reipublicae
1443 439 1653 496 administratione
1673 451 1794 512 perpetuo

1014 530 1122 590 egerant.
1156 530 1286 578 Postremo
1298 532 1380 578 autem
1394 528 1600 595 decemvirorum,
1614 548 1676 598 quos
1690 538 1794 591 tribunis

1016 613 1184 678 prodiderant,
1207 615 1312 666 aliorum
1333 614 1433 681 quidem
1454 617 1592 675 interitum,
1616 622 1719 673 aliorum
1734 638 1795 677 aero

1015 703 1204 770 publicationem
1227 705 1349 754 bonorum
1378 708 1463 756 contra
1484 707 1657 770 jusjurandum
1679 717 1705 761 et
1724 719 1795 777 pactu

1016 793 1218 844 commemoravit
1237 791 1370 858 :dixitque
1389 799 1464 859 pacta
1479 809 1554 858 super
1571 795 1659 847 hostiis
1675 800 1737 850 inter
1751 815 1793 865 pa·

1016 880 1101 931 tricies
1128 887 1149 932 et
1173 882 1280 946 plebeios
1301 883 1367 933 taeta
1387 884 1461 934 tuisse
1483 889 1512 935 ut
1527 885 1643 936 omnibus
1663 890 1796 953 impunitas

1016 969 1126 1031 daretur,
1142 971 1301 1037 omniumque
1320 972 1502 1036 preteritarum
1517 974 1662 1039 injuriarum
1679 979 1796 1029 memoria

1016 1058 1193 1124 deponeretur;
1206 1061 1334 1126 Appioque
1354 1064 1460 1111 mortem
1472 1077 1520 1112 nou
1533 1065 1638 1130 propriis
1651 1066 1728 1126 ipsius
1739 1081 1794 1119 ma-

1016 1149 1211 1210 nibusattatan3
1232 1150 1275 1200 sed
1292 1149 1446 1200 tribunorum
1464 1151 1558 1202 insidiis
1574 1154 1700 1205 sublatum
1712 1156 1794 1207 bomi-

1017 1252 1074 1289 nem
1086 1243 1143 1289 ante
1155 1238 1240 1304 judicii
1254 1239 1334 1300 diem,
1357 1253 1388 1289 ne
1408 1254 1466 1291 reus
1486 1242 1565 1292 taetus
1577 1257 1673 1295 caussae
1686 1244 1796 1296 dicenda

1017 1330 1164 1392 potestatem
1180 1327 1339 1392 impetraret,
1363 1343 1424 1379 nere
1443 1331 1636 1383 misericordiam
1659 1348 1797 1399 conseque-

1018 1420 1088 1466 retur
1101 1433 1106 1464 :
1125 1419 1153 1465 ut
1165 1416 1215 1466 steri
1235 1417 1340 1466 tortasse
1351 1417 1481 1481 potuisset,
1494 1419 1515 1468 si
1530 1419 1684 1485 dijudicium
1694 1426 1797 1474 rocetos

1017 1509 1083 1556 esset
1095 1505 1134 1555 vir
1145 1505 1241 1569 generis
1250 1504 1369 1569 dignitate
1384 1506 1493 1571 insignis,
1505 1509 1577 1573 eujus
1586 1510 1665 1560 multo
1680 1512 1796 1562 beneficia

1017 1592 1043 1642 in
1055 1592 1231 1657 rempublicam
1247 1593 1335 1643 collata
1348 1594 1487 1655 exstabant,
1503 1599 1528 1645 et
1536 1595 1707 1658 iusiurandum
1721 1602 1798 1663 atque

1018 1681 1092 1731 tidem
1117 1681 1274 1746 implorasset
1295 1682 1354 1745 (qua
1368 1682 1479 1734 homines
1506 1685 1561 1735 treti
1578 1685 1736 1746 conveniunt,
1750 1700 1796 1750 pa·

1017 1783 1121 1834 nemque
1134 1769 1244 1831 iaciunt)
1267 1773 1293 1820 et
1312 1770 1401 1821 liberos
1420 1776 1495 1837 atque
1517 1777 1634 1838 cognatos
1646 1787 1732 1824 seeum
1748 1774 1797 1826 od·

1018 1861 1147 1923 duxisset,
1161 1865 1184 1911 et
1200 1875 1258 1910 cum
1270 1862 1325 1925 ipso
1341 1863 1426 1913 humili
1448 1864 1532 1914 habitu
1547 1879 1577 1916 co
1593 1866 1716 1926 uenisset,
1730 1867 1797 1917 mul·

1018 1952 1092 2013 taque
1117 1948 1165 1998 alia
1190 1949 1306 2010 tulisset,
1329 1964 1386 2013 quui
1413 1951 1579 2003 multitudinis
1603 1954 1798 2007 misericordiam

1017 2035 1155 2087 conciliant.
1168 2039 1250 2094 Quum
1273 2037 1348 2100 igitur
1357 2039 1384 2087 c.
1403 2038 1521 2089 Claudius
1535 2040 1589 2089 haec
1604 2040 1629 2089 in
1640 2055 1682 2090 eos
1693 2042 1798 2093 etludis·
1816 2080 1819 2095 .

1019 2126 1065 2184 set,
1076 2126 1102 2174 et
1110 2123 1157 2188 ipsi
1166 2124 1297 2185 adessent,
1313 2126 1394 2175 risum
1409 2131 1448 2176 est
1458 2126 1563 2187 senatui,
1580 2140 1623 2177 eos
1632 2127 1723 2179 debere
1735 2143 1797 2179 con-

1018 2215 1099 2264 tentos
1112 2227 1184 2274 esse,
1200 2214 1221 2263 si
1241 2228 1326 2278 peenas
1337 2215 1416 2265 nullas
1435 2215 1541 2277 darent;
1556 2214 1683 2280 triumpho
1700 2221 1798 2279 autem,

1018 2308 1060 2351 aut
1070 2300 1124 2351 aliis
1136 2301 1278 2363 hujusmodi
1297 2302 1511 2365 concessionibus,
1525 2316 1556 2354 nc
1573 2303 1676 2355 minima
1696 2304 1797 2370 aquilem

1018 2403 1048 2440 ex
1058 2394 1127 2454 parte
1136 2389 1223 2452 dignos
1232 2402 1288 2441 esse
1297 2390 1453 2453 judicandos.

1049 2585 1076 2633 L.
1085 2581 1221 2645 Triumpho
1232 2587 1315 2633 autem
1326 2583 1385 2647 ipsis
1399 2588 1514 2635 asenatu
1533 2584 1668 2650 denegato,
1684 2584 1798 2637 Valerius

1019 2680 1121 2744 ejusque
1139 2679 1247 2743 collega,
1264 2680 1290 2731 id
1311 2681 1395 2745 iniquo
1409 2682 1491 2732 animo
1514 2683 1634 2744 terentes,
1649 2687 1674 2732 ct
1689 2696 1716 2733 se
1728 2682 1797 2748 gnari

1017 2776 1164 2828 contumelia
1189 2778 1295 2828 attactos
1310 2779 1473 2841 arbitrantes,
1488 2779 1673 2832 multitudinem
1688 2779 1719 2831 nd
1738 2794 1799 2831 eou-

1018 2877 1114 2926 eionem
1126 2879 1296 2925 convocarunt
1314 2895 1321 2925 ι
1334 2890 1461 2940 quumque
1473 2877 1545 2943 longa
1558 2879 1668 2930 oratioue
1682 2883 1797 2931 senatum

1017 2976 1187 3035 accusassent,
1200 2978 1224 3024 et
1238 2973 1330 3024 tribuni
1342 2974 1402 3038 ipsis
1418 2976 1566 3040 patrocinati
1580 2976 1697 3038 tuissent,
1710 2991 1740 3027 ae
1752 2991 1796 3028 ro·

1016 3069 1138 3138 gailonem
1149 3068 1272 3133 tulissent,
1283 3083 1297 3120 a
1308 3070 1400 3134 populo
1412 3071 1579 3135 triumphandi
1590 3076 1741 3137 potestatem
1751 3073 1798 3124 im·

1016 3170 1152 3232 petrarunt,
1174 3171 1199 3217 et
1216 3168 1288 3233 primi
1301 3169 1412 3219 omniurn
1429 3172 1596 3221 Romanorum
1611 3170 1673 3221 bane
1690 3184 1796 3223 eonsue-

1015 3269 1126 3320 tudinem
1142 3270 1167 3319 in
1179 3270 1359 3334 rempublicam
1378 3269 1537 3322 induxerunt.
1557 3274 1647 3322 Postea
1664 3285 1724 3322 vero
1738 3286 1794 3323 rur-

1015 3366 1199 3420 susdisoordiae
1213 3369 1238 3416 et
1262 3365 1471 3430 expostulationes
1489 3365 1554 3416 inter
1572 3365 1683 3431 plebeios
1701 3371 1727 3420 et
1749 3382 1795 3433 pa·

1015 3457 1101 3507 tricies
1111 3462 1172 3508 sunt
1184 3463 1277 3511 exortae
1293 3478 1298 3510 :
1316 3476 1359 3512 eos
1368 3467 1452 3513 autem
1467 3465 1562 3516 tribuni
1577 3469 1727 3531 quotidianis
1738 3484 1797 3524 con-

1012 3545 1127 3595 cionibus
1139 3546 1298 3611 instigabant.
1319 3551 1504 3603 multitudinem
1520 3568 1580 3604 vero
1592 3557 1700 3610 maxime
1711 3559 1795 3611 irritu·

1011 3630 1054 3683 bat
1064 3633 1173 3699 suspicio
1194 3636 1285 3701 (quam
1301 3638 1338 3689 illi
1352 3638 1410 3690 data
1429 3654 1503 3705 opera
1517 3642 1590 3695 valde
1606 3646 1795 3705 contimrarantt

1010 3723 1111 3774 incertis
1141 3726 1282 3777 rumoribus
1318 3731 1344 3778 et
1369 3728 1517 3792 eonjmturis
1546 3747 1594 3783 non
1618 3736 1702 3800 paucis
1723 3742 1795 3788 aucta

1008 3814 1075 3878 quod
1092 3814 1208 3866 nimirum
1226 3817 1323 3882 patricii
1338 3818 1405 3884 leges
1429 3821 1546 3887 abrogare
1558 3827 1716 3887 statuissent,
1730 3843 1794 3894 cquae

1008 3902 1123 3954 Valerius
1140 3909 1166 3956 et
1178 3907 1297 3957 Horatius
1316 3908 1431 3960 eonsules
1452 3911 1559 3964 tulerant
1587 3928 1617 3964 ac
1638 3922 1790 3969 sanxerant:

1008 3991 1187 4059 vehemensque
1205 3996 1301 4061 opinio,
1322 4010 1368 4047 nee
1389 4012 1404 4047 a
1425 3997 1473 4049 tide
1491 4000 1561 4066 longe
1579 4009 1689 4064 remota,
1711 4006 1791 4071 plebis

1005 4081 1101 4133 animos
1112 4090 1257 4149 occuparat,
1271 4085 1293 4136 ei
1308 4085 1331 4135 in
1348 4086 1379 4136 iis
1396 4086 1528 4142 insederat.
1566 4096 1647 4157 lique
1663 4093 1717 4144 bac
1735 4095 1787 4160 qui·

1004 4168 1062 4221 dem
1074 4170 1113 4222 bis
1124 4172 1267 4224 oonsulibus
1281 4179 1339 4226 sunt
1349 4183 1427 4241 gesta.

1039 4331 1079 4381 ld.
1096 4332 1214 4395 Sequenti
1227 4344 1285 4381 vero
1297 4345 1361 4381 anno
1375 4333 1491 4385 consules
1505 4335 1582 4386 creati
1601 4337 1679 4385 Larus
1691 4333 1787 4383 Hermi·

1007 4416 1063 4466 nius
1075 4421 1102 4467 et
1114 4421 1142 4467 T.
1157 4419 1284 4483 Virginius
1298 4420 1426 4486 :ipsisque
1440 4427 1611 4474 successerunt
1622 4428 1654 4472 Μ.
1667 4422 1788 4485 Geganim

1006 4503 1145 4555 Macerinus
1150 4542 1783 4561 .........................................

1042 4788 1093 4836 lll.
1107 4785 1158 4833 litis
1171 4790 1254 4834 autem
1273 4783 1332 4832 nitrit
1344 4784 1565 4848 resplendentibus,
1579 4785 1621 4834 sed
1636 4782 1788 4846 indignanti·

1010 4874 1065 4933 bus,
1093 4872 1208 4934 Scaptius
1218 4872 1242 4920 in
1258 4870 1399 4922 concionem
1413 4873 1501 4921 itemm
1518 4871 1685 4936 progrediens,
1699 4871 1762 4922 dixit
1781 4893 1789 4925 ι

1011 4985 1023 5009 ι
1036 4967 1189 5015 concessum
1208 4965 1247 5012 est
1261 4960 1341 5023 robis,
1361 4962 1479 5021 Quirites,
1507 4962 1540 5012 ab
1560 4962 1620 5027 ipsis
1640 4959 1791 5013 adversariis

1010 5073 1024 5096 ι
1038 5065 1080 5102 eos
1102 5053 1214 5100 restrum
1239 5062 1325 5112 agrum
1349 5046 1397 5098 sibi
1417 5046 1566 5107 vendicare,
1590 5047 1622 5099 ad
1645 5061 1708 5112 quos
1722 5047 1790 5098 nulle

1010 5160 1022 5185 a
1037 5138 1110 5191 modo
1125 5138 1147 5188 is
1162 5138 1291 5202 pertineat.
1321 5139 1381 5188 liceo
1400 5130 1585 5190 considerantes
1602 5136 1727 5190 decernite
1741 5149 1791 5200 σε,

1758 5428 1827 5493 Α
