<?xml version="1.0" encoding="UTF-8"?>
<!DOCTYPE html PUBLIC "-//W3C//DTD XHTML 1.0 Transitional//EN"
    "http://www.w3.org/TR/xhtml1/DTD/xhtml1-transitional.dtd">
<html xmlns="http://www.w3.org/1999/xhtml" xml:lang="en" lang="en">
 <head>
  <title>
</title>
<meta http-equiv="Content-Type" content="text/html;charset=utf-8" />
  <meta name='ocr-system' content='tesseract 3.04.00' />
  <meta name='ocr-capabilities' content='ocr_page ocr_carea ocr_par ocr_line ocrx_word'/>
</head>
<body>
  <div class='ocr_page' id='page_1' title='image "./dionysiihalicar00prougoog_0350.png"; bbox 0 0 3772 5828; ppageno 0'>
   <div class='ocr_carea' id='block_1_1' title="bbox 116 334 948 548">
    <p class='ocr_par' dir='ltr' id='par_1_1' title="bbox 116 334 948 548">
     <span class='ocr_line' id='line_1_1' title="bbox 173 334 233 398; baseline -0.1 0"><span class='ocrx_word' id='word_1_1' title='bbox 173 334 233 398; x_wconf 72' lang='lat'><strong>326</strong></span> 
     </span>
     <span class='ocr_line' id='line_1_2' title="bbox 116 451 948 548; baseline -0.025 -19"><span class='ocrx_word' id='word_1_2' title='bbox 116 531 120 548; x_wconf 41' lang='lat'><strong>¹</strong></span> <span class='ocrx_word' id='word_1_3' title='bbox 173 466 260 544; x_wconf 84' lang='grc' dir='ltr'>μόνων</span> <span class='ocrx_word' id='word_1_4' title='bbox 286 461 438 545; x_wconf 81' lang='grc' dir='ltr'>ίπιφανείοις</span> <span class='ocrx_word' id='word_1_5' title='bbox 466 463 492 521; x_wconf 81' lang='grc' dir='ltr'><strong>έν</strong></span> <span class='ocrx_word' id='word_1_6' title='bbox 507 459 602 538; x_wconf 82' lang='grc' dir='ltr'>Ῥώμῃ</span> <span class='ocrx_word' id='word_1_7' title='bbox 636 454 723 515; x_wconf 76' lang='grc' dir='ltr'>πολλὰ</span> <span class='ocrx_word' id='word_1_8' title='bbox 745 454 861 529; x_wconf 84' lang='grc' dir='ltr'>σημεῖα,</span> <span class='ocrx_word' id='word_1_9' title='bbox 885 451 948 510; x_wconf 86' lang='grc' dir='ltr'><strong>δτι</strong></span> 
     </span>
    </p>
   </div>
   <div class='ocr_carea' id='block_1_2' title="bbox 130 544 951 1251">
    <p class='ocr_par' dir='ltr' id='par_1_2' title="bbox 130 544 951 1251">
     <span class='ocr_line' id='line_1_3' title="bbox 173 544 950 627; baseline -0.021 -14"><span class='ocrx_word' id='word_1_10' title='bbox 173 552 236 619; x_wconf 87' lang='grc' dir='ltr'>νεὼς</span> <span class='ocrx_word' id='word_1_11' title='bbox 256 555 335 612; x_wconf 81' lang='grc' dir='ltr'>θτιῗιν</span> <span class='ocrx_word' id='word_1_12' title='bbox 363 549 538 627; x_wconf 80' lang='grc' dir='ltr'>Διοσκούρων,</span> <span class='ocrx_word' id='word_1_13' title='bbox 557 546 585 606; x_wconf 88' lang='grc' dir='ltr'><strong>δν</strong></span> <span class='ocrx_word' id='word_1_14' title='bbox 613 544 656 604; x_wconf 75' lang='grc' dir='ltr'>ἐπὶ</span> <span class='ocrx_word' id='word_1_15' title='bbox 676 548 722 613; x_wconf 77' lang='grc' dir='ltr'><strong>τῆς</strong></span> <span class='ocrx_word' id='word_1_16' title='bbox 745 545 841 622; x_wconf 84' lang='grc' dir='ltr'>ἀγορᾶς</span> <span class='ocrx_word' id='word_1_17' title='bbox 855 562 950 600; x_wconf 86' lang='grc' dir='ltr'>κατισ·</span> 
     </span>
     <span class='ocr_line' id='line_1_4' title="bbox 173 624 950 714; baseline -0.024 -12"><span class='ocrx_word' id='word_1_18' title='bbox 173 639 316 710; x_wconf 79' lang='grc' dir='ltr'>κεύασενὴ</span> <span class='ocrx_word' id='word_1_19' title='bbox 337 641 425 714; x_wconf 83' lang='grc' dir='ltr'>πολις,</span> <span class='ocrx_word' id='word_1_20' title='bbox 441 640 502 697; x_wconf 85' lang='grc' dir='ltr'>ἔνθα</span> <span class='ocrx_word' id='word_1_21' title='bbox 516 635 590 714; x_wconf 81' lang='grc' dir='ltr'>ὤφθη</span> <span class='ocrx_word' id='word_1_22' title='bbox 612 632 645 690; x_wconf 79' lang='grc' dir='ltr'>τά</span> <span class='ocrx_word' id='word_1_23' title='bbox 660 633 769 704; x_wconf 75' lang='grc' dir='ltr'>εἴδωλα,</span> <span class='ocrx_word' id='word_1_24' title='bbox 790 629 864 699; x_wconf 78' lang='grc' dir='ltr'><strong>καὶὴ</strong></span> <span class='ocrx_word' id='word_1_25' title='bbox 886 624 950 706; x_wconf 84' lang='grc' dir='ltr'>παρ’</span> 
     </span>
     <span class='ocr_line' id='line_1_5' title="bbox 173 712 951 810; baseline -0.023 -20"><span class='ocrx_word' id='word_1_26' title='bbox 173 732 246 810; x_wconf 82' lang='grc' dir='ltr'>αὐτῷ</span> <span class='ocrx_word' id='word_1_27' title='bbox 261 729 346 810; x_wconf 75' lang='grc' dir='ltr'>κρήνη</span> <span class='ocrx_word' id='word_1_28' title='bbox 360 726 512 802; x_wconf 80' lang='grc' dir='ltr'>καλουμένη</span> <span class='ocrx_word' id='word_1_29' title='bbox 527 747 556 783; x_wconf 87' lang='grc' dir='ltr'><strong>τε</strong></span> <span class='ocrx_word' id='word_1_30' title='bbox 570 725 622 781; x_wconf 82' lang='grc' dir='ltr'><strong>τῶν</strong></span> <span class='ocrx_word' id='word_1_31' title='bbox 634 724 699 779; x_wconf 84' lang='grc' dir='ltr'>θεῶν</span> <span class='ocrx_word' id='word_1_32' title='bbox 713 718 813 777; x_wconf 89' lang='grc' dir='ltr'>τούτων</span> <span class='ocrx_word' id='word_1_33' title='bbox 832 715 879 775; x_wconf 86' lang='grc' dir='ltr'><strong>καλ</strong></span> <span class='ocrx_word' id='word_1_34' title='bbox 892 712 951 794; x_wconf 84' lang='grc' dir='ltr'>ίερδ</span> 
     </span>
     <span class='ocr_line' id='line_1_6' title="bbox 130 807 949 896; baseline -0.018 -17"><span class='ocrx_word' id='word_1_35' title='bbox 130 847 142 883; x_wconf 83' lang='lat' dir='ltr'><strong>s</strong></span> <span class='ocrx_word' id='word_1_36' title='bbox 174 821 211 886; x_wconf 85' lang='grc' dir='ltr'><strong>είς</strong></span> <span class='ocrx_word' id='word_1_37' title='bbox 228 818 288 877; x_wconf 86' lang='grc' dir='ltr'>τόδε</span> <span class='ocrx_word' id='word_1_38' title='bbox 312 815 408 896; x_wconf 91' lang='grc' dir='ltr'>χρόνου</span> <span class='ocrx_word' id='word_1_39' title='bbox 427 813 604 889; x_wconf 80' lang='grc' dir='ltr'>νομιζομένη,</span> <span class='ocrx_word' id='word_1_40' title='bbox 619 809 707 869; x_wconf 90' lang='grc' dir='ltr'>θυσίαι</span> <span class='ocrx_word' id='word_1_41' title='bbox 725 832 755 867; x_wconf 91' lang='grc' dir='ltr'><strong>τε</strong></span> <span class='ocrx_word' id='word_1_42' title='bbox 774 807 949 880; x_wconf 77' lang='grc' dir='ltr'>πολυτελεῖς,</span> 
     </span>
     <span class='ocr_line' id='line_1_7' title="bbox 174 895 949 976; baseline -0.021 -10"><span class='ocrx_word' id='word_1_43' title='bbox 174 909 205 976; x_wconf 86' lang='grc' dir='ltr'><strong>ἀς</strong></span> <span class='ocrx_word' id='word_1_44' title='bbox 218 910 278 967; x_wconf 88' lang='grc' dir='ltr'>καθ’</span> <span class='ocrx_word' id='word_1_45' title='bbox 298 906 408 966; x_wconf 79' lang='grc' dir='ltr'>ἕκαστον</span> <span class='ocrx_word' id='word_1_46' title='bbox 420 903 537 962; x_wconf 82' lang='grc' dir='ltr'>ένιαυτδν</span> <span class='ocrx_word' id='word_1_47' title='bbox 556 902 666 974; x_wconf 77' lang='grc' dir='ltr'>όδῆμος</span> <span class='ocrx_word' id='word_1_48' title='bbox 691 900 808 957; x_wconf 83' lang='grc' dir='ltr'>ἐπιτελεῖ</span> <span class='ocrx_word' id='word_1_49' title='bbox 826 895 869 954; x_wconf 80' lang='grc' dir='ltr'>διὰ</span> <span class='ocrx_word' id='word_1_50' title='bbox 896 896 949 952; x_wconf 80' lang='grc' dir='ltr'><strong>τῶν</strong></span> 
     </span>
     <span class='ocr_line' id='line_1_8' title="bbox 174 985 950 1076; baseline -0.022 -20"><span class='ocrx_word' id='word_1_51' title='bbox 174 997 305 1076; x_wconf 87' lang='grc' dir='ltr'>μεγίστων</span> <span class='ocrx_word' id='word_1_52' title='bbox 321 994 410 1074; x_wconf 82' lang='grc' dir='ltr'>ἱερέων</span> <span class='ocrx_word' id='word_1_53' title='bbox 437 995 464 1051; x_wconf 86' lang='grc' dir='ltr'><strong>έν</strong></span> <span class='ocrx_word' id='word_1_54' title='bbox 484 991 548 1068; x_wconf 78' lang='grc' dir='ltr'>μηνί</span> <span class='ocrx_word' id='word_1_55' title='bbox 573 988 715 1067; x_wconf 85' lang='grc' dir='ltr'>Κοῖντιλῖῳ</span> <span class='ocrx_word' id='word_1_56' title='bbox 737 985 871 1064; x_wconf 83' lang='grc' dir='ltr'>λεγομένῳ</span> <span class='ocrx_word' id='word_1_57' title='bbox 892 992 950 1049; x_wconf 87' lang='grc' dir='ltr'>ταῖς</span> 
     </span>
     <span class='ocr_line' id='line_1_9' title="bbox 173 1070 950 1163; baseline -0.023 -17"><span class='ocrx_word' id='word_1_58' title='bbox 173 1083 349 1163; x_wconf 86' lang='grc' dir='ltr'>καλουμέναις</span> <span class='ocrx_word' id='word_1_59' title='bbox 364 1083 459 1156; x_wconf 72' lang='grc' dir='ltr'>εἰδοῖς,</span> <span class='ocrx_word' id='word_1_60' title='bbox 474 1082 500 1139; x_wconf 79' lang='grc' dir='ltr'><strong>ἐν</strong></span> <span class='ocrx_word' id='word_1_61' title='bbox 524 1070 541 1157; x_wconf 72' lang='grc' dir='ltr'><strong>ᾖ</strong></span> <span class='ocrx_word' id='word_1_62' title='bbox 562 1077 739 1155; x_wconf 82' lang='grc' dir='ltr'>κατώρθωσαν</span> <span class='ocrx_word' id='word_1_63' title='bbox 761 1072 850 1153; x_wconf 75' lang='grc' dir='ltr'>ήμέρφ</span> <span class='ocrx_word' id='word_1_64' title='bbox 875 1071 950 1131; x_wconf 88' lang='grc' dir='ltr'>τόνδε</span> 
     </span>
     <span class='ocr_line' id='line_1_10' title="bbox 171 1159 949 1251; baseline -0.023 -16"><span class='ocrx_word' id='word_1_65' title='bbox 171 1174 216 1234; x_wconf 80' lang='grc' dir='ltr'><strong>τόν</strong></span> <span class='ocrx_word' id='word_1_66' title='bbox 233 1173 363 1251; x_wconf 90' lang='grc' dir='ltr'>πόλεμον·</span> <span class='ocrx_word' id='word_1_67' title='bbox 381 1168 446 1250; x_wconf 78' lang='grc' dir='ltr'>ὑπὲρ</span> <span class='ocrx_word' id='word_1_68' title='bbox 461 1169 567 1227; x_wconf 80' lang='grc' dir='ltr'>ἅπαντα</span> <span class='ocrx_word' id='word_1_69' title='bbox 582 1167 609 1226; x_wconf 84' lang='grc' dir='ltr'><strong>δέ</strong></span> <span class='ocrx_word' id='word_1_70' title='bbox 620 1170 704 1224; x_wconf 78' lang='grc' dir='ltr'>ταῦτα</span> <span class='ocrx_word' id='word_1_71' title='bbox 718 1168 736 1233; x_wconf 78' lang='grc' dir='ltr'>ἡ</span> <span class='ocrx_word' id='word_1_72' title='bbox 755 1161 824 1240; x_wconf 76' lang='grc' dir='ltr'>μετὰ</span> <span class='ocrx_word' id='word_1_73' title='bbox 838 1159 887 1232; x_wconf 68' lang='grc' dir='ltr'><strong>τὴν</strong></span> <span class='ocrx_word' id='word_1_74' title='bbox 904 1163 949 1218; x_wconf 84' lang='grc' dir='ltr'><strong>θυ·</strong></span> 
     </span>
    </p>
   </div>
   <div class='ocr_carea' id='block_1_3' title="bbox 10 1240 949 1337">
    <p class='ocr_par' dir='ltr' id='par_1_3' title="bbox 10 1240 949 1337">
     <span class='ocr_line' id='line_1_11' title="bbox 10 1240 949 1337; baseline -0.021 -11"><span class='ocrx_word' id='word_1_75' title='bbox 10 1240 13 1245; x_wconf 28' lang='lat'>¹</span> <span class='ocrx_word' id='word_1_76' title='bbox 105 1286 145 1327; x_wconf 82' lang='grc' dir='ltr'>,ιο</span> <span class='ocrx_word' id='word_1_77' title='bbox 173 1265 231 1324; x_wconf 73' lang='lat' dir='ltr'><strong>otas</strong></span> <span class='ocrx_word' id='word_1_78' title='bbox 247 1260 437 1337; x_wconf 74' lang='grc' dir='ltr'>ίπιτελουμένη</span> <span class='ocrx_word' id='word_1_79' title='bbox 457 1257 552 1334; x_wconf 74' lang='grc' dir='ltr'>πομπὴ</span> <span class='ocrx_word' id='word_1_80' title='bbox 568 1259 621 1314; x_wconf 84' lang='grc' dir='ltr'><strong>τῶν</strong></span> <span class='ocrx_word' id='word_1_81' title='bbox 635 1253 749 1334; x_wconf 80' lang='grc' dir='ltr'>ἐχόντων</span> <span class='ocrx_word' id='word_1_82' title='bbox 763 1251 807 1310; x_wconf 87' lang='grc' dir='ltr'><strong>τδν</strong></span> <span class='ocrx_word' id='word_1_83' title='bbox 822 1247 949 1325; x_wconf 89' lang='grc' dir='ltr'>δημόσιον</span> 
     </span>
    </p>
   </div>
   <div class='ocr_carea' id='block_1_4' title="bbox 113 1338 975 5238">
    <p class='ocr_par' dir='ltr' id='par_1_4' title="bbox 113 1338 975 5238">
     <span class='ocr_line' id='line_1_12' title="bbox 172 1338 950 1428; baseline -0.019 -16"><span class='ocrx_word' id='word_1_84' title='bbox 172 1351 262 1428; x_wconf 79' lang='grc' dir='ltr'>ἵππον,</span> <span class='ocrx_word' id='word_1_85' title='bbox 286 1351 312 1413; x_wconf 75' lang='grc' dir='ltr'>οἳ</span> <span class='ocrx_word' id='word_1_86' title='bbox 336 1348 405 1410; x_wconf 80' lang='grc' dir='ltr'>κατά</span> <span class='ocrx_word' id='word_1_87' title='bbox 419 1346 502 1423; x_wconf 89' lang='grc' dir='ltr'>φυλάς</span> <span class='ocrx_word' id='word_1_88' title='bbox 522 1368 551 1404; x_wconf 88' lang='grc' dir='ltr'><strong>τε</strong></span> <span class='ocrx_word' id='word_1_89' title='bbox 573 1346 620 1404; x_wconf 81' lang='grc' dir='ltr'><strong>καὶ</strong></span> <span class='ocrx_word' id='word_1_90' title='bbox 637 1343 733 1423; x_wconf 77' lang='grc' dir='ltr'>λόχους</span> <span class='ocrx_word' id='word_1_91' title='bbox 756 1338 950 1419; x_wconf 71' lang='grc' dir='ltr'>κεκοσμημένοι</span> 
     </span>
     <span class='ocr_line' id='line_1_13' title="bbox 172 1427 948 1523; baseline -0.023 -20"><span class='ocrx_word' id='word_1_92' title='bbox 172 1441 312 1523; x_wconf 78' lang='grc' dir='ltr'>στοιχηδὸν</span> <span class='ocrx_word' id='word_1_93' title='bbox 331 1439 377 1499; x_wconf 70' lang='lat' dir='ltr'><strong>iri</strong></span> <span class='ocrx_word' id='word_1_94' title='bbox 405 1441 457 1497; x_wconf 83' lang='grc' dir='ltr'><strong>τῶν</strong></span> <span class='ocrx_word' id='word_1_95' title='bbox 483 1434 573 1494; x_wconf 79' lang='grc' dir='ltr'>ἵππων</span> <span class='ocrx_word' id='word_1_96' title='bbox 596 1432 734 1512; x_wconf 80' lang='grc' dir='ltr'>ὀχούμενοι</span> <span class='ocrx_word' id='word_1_97' title='bbox 766 1427 948 1511; x_wconf 88' lang='grc' dir='ltr'>πορεύονται,</span> 
     </span>
     <span class='ocr_line' id='line_1_14' title="bbox 172 1517 950 1607; baseline -0.019 -19"><span class='ocrx_word' id='word_1_98' title='bbox 172 1530 268 1597; x_wconf 86' lang='grc' dir='ltr'>πάντες</span> <span class='ocrx_word' id='word_1_99' title='bbox 289 1533 324 1595; x_wconf 84' lang='grc' dir='ltr'><strong>ὡς</strong></span> <span class='ocrx_word' id='word_1_100' title='bbox 339 1532 369 1588; x_wconf 80' lang='grc' dir='ltr'>ἐκ</span> <span class='ocrx_word' id='word_1_101' title='bbox 385 1526 475 1607; x_wconf 87' lang='grc' dir='ltr'>μάχης</span> <span class='ocrx_word' id='word_1_102' title='bbox 496 1521 604 1595; x_wconf 79' lang='grc' dir='ltr'>ἥκοντες</span> <span class='ocrx_word' id='word_1_103' title='bbox 619 1519 829 1602; x_wconf 73' lang='grc' dir='ltr'>ἐστεφανωμένοι</span> <span class='ocrx_word' id='word_1_104' title='bbox 844 1517 950 1584; x_wconf 85' lang='grc' dir='ltr'>θαλλοῖς</span> 
     </span>
     <span class='ocr_line' id='line_1_15' title="bbox 172 1607 950 1696; baseline -0.021 -17"><span class='ocrx_word' id='word_1_105' title='bbox 172 1617 275 1696; x_wconf 80' lang='grc' dir='ltr'>ίλαίας,</span> <span class='ocrx_word' id='word_1_106' title='bbox 293 1617 339 1676; x_wconf 82' lang='grc' dir='ltr'><strong>καλ</strong></span> <span class='ocrx_word' id='word_1_107' title='bbox 354 1623 489 1695; x_wconf 71' lang='grc' dir='ltr'>πορφυρᾶς</span> <span class='ocrx_word' id='word_1_108' title='bbox 515 1610 752 1693; x_wconf 70' lang='grc' dir='ltr'>φοινικοπαρύφους</span> <span class='ocrx_word' id='word_1_109' title='bbox 767 1607 950 1686; x_wconf 85' lang='grc' dir='ltr'>ἀμπεχόμενοι</span> 
     </span>
     <span class='ocr_line' id='line_1_16' title="bbox 124 1696 950 1783; baseline -0.018 -15"><span class='ocrx_word' id='word_1_110' title='bbox 124 1743 147 1781; x_wconf 78' lang='lat' dir='ltr'><strong>rt</strong></span> <span class='ocrx_word' id='word_1_111' title='bbox 172 1705 313 1783; x_wconf 82' lang='grc' dir='ltr'>τηόέννας,</span> <span class='ocrx_word' id='word_1_112' title='bbox 329 1703 376 1772; x_wconf 86' lang='grc' dir='ltr'><strong>τάς</strong></span> <span class='ocrx_word' id='word_1_113' title='bbox 405 1701 570 1777; x_wconf 83' lang='grc' dir='ltr'>καλουμένας</span> <span class='ocrx_word' id='word_1_114' title='bbox 594 1696 718 1778; x_wconf 79' lang='grc' dir='ltr'>τραόὲας,</span> <span class='ocrx_word' id='word_1_115' title='bbox 736 1697 878 1776; x_wconf 78' lang='grc' dir='ltr'>ἀρξάμενοι</span> <span class='ocrx_word' id='word_1_116' title='bbox 903 1697 950 1772; x_wconf 77' lang='grc' dir='ltr'><strong>μέν</strong></span> 
     </span>
     <span class='ocr_line' id='line_1_17' title="bbox 172 1785 949 1877; baseline -0.015 -21"><span class='ocrx_word' id='word_1_117' title='bbox 172 1795 218 1877; x_wconf 84' lang='grc' dir='ltr'><strong>ἀφ’</strong></span> <span class='ocrx_word' id='word_1_118' title='bbox 235 1797 306 1875; x_wconf 78' lang='grc' dir='ltr'>ἱεροῦ</span> <span class='ocrx_word' id='word_1_119' title='bbox 328 1816 395 1860; x_wconf 90' lang='grc' dir='ltr'>τινος</span> <span class='ocrx_word' id='word_1_120' title='bbox 408 1791 499 1869; x_wconf 76' lang='grc' dir='ltr'>Ἄρεος</span> <span class='ocrx_word' id='word_1_121' title='bbox 524 1788 574 1857; x_wconf 75' lang='grc' dir='ltr'><strong>ἔξω</strong></span> <span class='ocrx_word' id='word_1_122' title='bbox 601 1791 650 1857; x_wconf 79' lang='grc' dir='ltr'><strong>τῆς</strong></span> <span class='ocrx_word' id='word_1_123' title='bbox 674 1787 775 1855; x_wconf 88' lang='grc' dir='ltr'>πόλεως</span> <span class='ocrx_word' id='word_1_124' title='bbox 798 1785 949 1864; x_wconf 72' lang='grc' dir='ltr'>ἱδρυμένου,</span> 
     </span>
     <span class='ocr_line' id='line_1_18' title="bbox 172 1874 951 1954; baseline -0.015 -11"><span class='ocrx_word' id='word_1_125' title='bbox 172 1881 305 1954; x_wconf 70' lang='grc' dir='ltr'>διεξιόντες</span> <span class='ocrx_word' id='word_1_126' title='bbox 324 1883 351 1942; x_wconf 77' lang='grc' dir='ltr'><strong>δέ</strong></span> <span class='ocrx_word' id='word_1_127' title='bbox 364 1883 414 1952; x_wconf 77' lang='grc' dir='ltr'><strong>τήν</strong></span> <span class='ocrx_word' id='word_1_128' title='bbox 436 1904 465 1939; x_wconf 88' lang='grc' dir='ltr'><strong>τε</strong></span> <span class='ocrx_word' id='word_1_129' title='bbox 478 1879 561 1949; x_wconf 90' lang='grc' dir='ltr'>ἀλλην</span> <span class='ocrx_word' id='word_1_130' title='bbox 574 1874 651 1935; x_wconf 88' lang='grc' dir='ltr'>πόλιν</span> <span class='ocrx_word' id='word_1_131' title='bbox 675 1876 721 1935; x_wconf 87' lang='grc' dir='ltr'><strong>καλ</strong></span> <span class='ocrx_word' id='word_1_132' title='bbox 736 1875 779 1933; x_wconf 84' lang='grc' dir='ltr'><strong>διά</strong></span> <span class='ocrx_word' id='word_1_133' title='bbox 793 1880 841 1946; x_wconf 75' lang='grc' dir='ltr'><strong>τῆς</strong></span> <span class='ocrx_word' id='word_1_134' title='bbox 853 1879 951 1954; x_wconf 72' lang='grc' dir='ltr'>ἀγορᾶς</span> 
     </span>
     <span class='ocr_line' id='line_1_19' title="bbox 175 1963 951 2055; baseline -0.017 -24"><span class='ocrx_word' id='word_1_135' title='bbox 175 1996 246 2055; x_wconf 82' lang='grc' dir='ltr'>παρα</span> <span class='ocrx_word' id='word_1_136' title='bbox 259 1995 289 2032; x_wconf 90' lang='grc' dir='ltr'><strong>το</strong></span> <span class='ocrx_word' id='word_1_137' title='bbox 303 1975 354 2030; x_wconf 82' lang='grc' dir='ltr'><strong>τῶν</strong></span> <span class='ocrx_word' id='word_1_138' title='bbox 365 1967 533 2046; x_wconf 83' lang='grc' dir='ltr'>Διοσκούρων</span> <span class='ocrx_word' id='word_1_139' title='bbox 546 1964 616 2043; x_wconf 85' lang='grc' dir='ltr'>ίερόν</span> <span class='ocrx_word' id='word_1_140' title='bbox 638 1965 844 2045; x_wconf 77' lang='grc' dir='ltr'>παρερχόμενοι,</span> <span class='ocrx_word' id='word_1_141' title='bbox 859 1963 951 2039; x_wconf 86' lang='grc' dir='ltr'>ἄνδρες</span> 
     </span>
     <span class='ocr_line' id='line_1_20' title="bbox 177 2050 950 2134; baseline -0.019 -12"><span class='ocrx_word' id='word_1_142' title='bbox 177 2061 244 2122; x_wconf 79' lang='grc' dir='ltr'>έσειν</span> <span class='ocrx_word' id='word_1_143' title='bbox 273 2065 315 2125; x_wconf 79' lang='grc' dir='ltr'><strong>όιε</strong></span> <span class='ocrx_word' id='word_1_144' title='bbox 342 2060 387 2119; x_wconf 80' lang='grc' dir='ltr'><strong>καὶ</strong></span> <span class='ocrx_word' id='word_1_145' title='bbox 406 2055 628 2134; x_wconf 77' lang='grc' dir='ltr'>πεντακισχιλιοι,</span> <span class='ocrx_word' id='word_1_146' title='bbox 656 2050 776 2133; x_wconf 84' lang='grc' dir='ltr'>φέροντες</span> <span class='ocrx_word' id='word_1_147' title='bbox 805 2050 855 2109; x_wconf 81' lang='grc' dir='ltr'><strong>ὅσα</strong></span> <span class='ocrx_word' id='word_1_148' title='bbox 876 2052 950 2128; x_wconf 82' lang='grc' dir='ltr'>παρὰ</span> 
     </span>
     <span class='ocr_line' id='line_1_21' title="bbox 122 2137 949 2229; baseline -0.019 -18"><span class='ocrx_word' id='word_1_149' title='bbox 122 2187 148 2229; x_wconf 76' lang='lat'><strong>³0</strong></span> <span class='ocrx_word' id='word_1_150' title='bbox 172 2155 225 2210; x_wconf 79' lang='grc' dir='ltr'><strong>τῶν</strong></span> <span class='ocrx_word' id='word_1_151' title='bbox 241 2149 378 2227; x_wconf 80' lang='grc' dir='ltr'>ἡγεμόνων</span> <span class='ocrx_word' id='word_1_152' title='bbox 391 2150 510 2223; x_wconf 86' lang='grc' dir='ltr'>ἀριστεῖα</span> <span class='ocrx_word' id='word_1_153' title='bbox 525 2140 620 2201; x_wconf 70' lang='lat' dir='ltr'><strong>tisim</strong></span> <span class='ocrx_word' id='word_1_154' title='bbox 637 2143 663 2199; x_wconf 80' lang='grc' dir='ltr'><strong>ἒν</strong></span> <span class='ocrx_word' id='word_1_155' title='bbox 677 2144 735 2208; x_wconf 90' lang='grc' dir='ltr'>ταῖς</span> <span class='ocrx_word' id='word_1_156' title='bbox 753 2140 864 2220; x_wconf 85' lang='grc' dir='ltr'>μάχαις,</span> <span class='ocrx_word' id='word_1_157' title='bbox 879 2137 949 2209; x_wconf 75' lang='grc' dir='ltr'>καλὴ</span> 
     </span>
     <span class='ocr_line' id='line_1_22' title="bbox 123 2221 949 2313; baseline -0.018 -14"><span class='ocrx_word' id='word_1_158' title='bbox 123 2221 135 2233; x_wconf 51' lang='lat'>⁵</span> <span class='ocrx_word' id='word_1_159' title='bbox 173 2240 220 2298; x_wconf 83' lang='grc' dir='ltr'><strong>καλ</strong></span> <span class='ocrx_word' id='word_1_160' title='bbox 234 2237 294 2306; x_wconf 81' lang='grc' dir='ltr'>ἀξία</span> <span class='ocrx_word' id='word_1_161' title='bbox 314 2241 359 2294; x_wconf 81' lang='grc' dir='ltr'><strong>τοῦ</strong></span> <span class='ocrx_word' id='word_1_162' title='bbox 375 2233 498 2313; x_wconf 87' lang='grc' dir='ltr'>μεγέθους</span> <span class='ocrx_word' id='word_1_163' title='bbox 517 2236 564 2302; x_wconf 73' lang='grc' dir='ltr'><strong>τῆς</strong></span> <span class='ocrx_word' id='word_1_164' title='bbox 580 2228 719 2308; x_wconf 74' lang='grc' dir='ltr'>ἡγεμονίας</span> <span class='ocrx_word' id='word_1_165' title='bbox 744 2227 813 2308; x_wconf 58' lang='lat' dir='ltr'><strong>dbis.</strong></span> <span class='ocrx_word' id='word_1_166' title='bbox 855 2230 949 2286; x_wconf 79' lang='grc' dir='ltr'>Ταῦτα</span> 
     </span>
     <span class='ocr_line' id='line_1_23' title="bbox 174 2316 948 2402; baseline -0.01 -19"><span class='ocrx_word' id='word_1_167' title='bbox 174 2327 222 2401; x_wconf 74' lang='grc' dir='ltr'><strong>μὲν</strong></span> <span class='ocrx_word' id='word_1_168' title='bbox 242 2323 307 2402; x_wconf 73' lang='grc' dir='ltr'>ὑπὲρ</span> <span class='ocrx_word' id='word_1_169' title='bbox 323 2325 370 2393; x_wconf 70' lang='grc' dir='ltr'><strong>τῆς</strong></span> <span class='ocrx_word' id='word_1_170' title='bbox 384 2324 442 2380; x_wconf 90' lang='grc' dir='ltr'>τότε</span> <span class='ocrx_word' id='word_1_171' title='bbox 460 2319 601 2400; x_wconf 78' lang='grc' dir='ltr'>γενομένης</span> <span class='ocrx_word' id='word_1_172' title='bbox 623 2316 776 2397; x_wconf 86' lang='grc' dir='ltr'>ίπιφανείας</span> <span class='ocrx_word' id='word_1_173' title='bbox 792 2318 845 2375; x_wconf 83' lang='grc' dir='ltr'><strong>τῶν</strong></span> <span class='ocrx_word' id='word_1_174' title='bbox 862 2323 948 2377; x_wconf 82' lang='grc' dir='ltr'>Διοσ-</span> 
     </span>
     <span class='ocr_line' id='line_1_24' title="bbox 174 2405 949 2495; baseline -0.006 -22"><span class='ocrx_word' id='word_1_175' title='bbox 174 2412 276 2495; x_wconf 84' lang='grc' dir='ltr'>κούρων</span> <span class='ocrx_word' id='word_1_176' title='bbox 294 2410 425 2490; x_wconf 86' lang='grc' dir='ltr'>λεγόμενά</span> <span class='ocrx_word' id='word_1_177' title='bbox 439 2433 467 2468; x_wconf 89' lang='grc' dir='ltr'><strong>τε</strong></span> <span class='ocrx_word' id='word_1_178' title='bbox 489 2408 534 2468; x_wconf 85' lang='grc' dir='ltr'><strong>καλ</strong></span> <span class='ocrx_word' id='word_1_179' title='bbox 549 2408 720 2488; x_wconf 88' lang='grc' dir='ltr'>πραττόμενα</span> <span class='ocrx_word' id='word_1_180' title='bbox 738 2405 789 2464; x_wconf 74' lang='grc' dir='ltr'>ὑπὸ</span> <span class='ocrx_word' id='word_1_181' title='bbox 803 2405 949 2483; x_wconf 83' lang='grc' dir='ltr'>Ῥωμαίων</span> 
     </span>
     <span class='ocr_line' id='line_1_25' title="bbox 113 2486 949 2578; baseline -0.005 -19"><span class='ocrx_word' id='word_1_182' title='bbox 113 2516 116 2521; x_wconf 90' lang='grc'>’</span> <span class='ocrx_word' id='word_1_183' title='bbox 173 2501 289 2568; x_wconf 83' lang='grc' dir='ltr'>ίμαθον·</span> <span class='ocrx_word' id='word_1_184' title='bbox 304 2501 329 2569; x_wconf 62' lang='lat' dir='ltr'><strong>ii</strong></span> <span class='ocrx_word' id='word_1_185' title='bbox 344 2491 381 2559; x_wconf 75' lang='grc' dir='ltr'><strong>ὧν</strong></span> <span class='ocrx_word' id='word_1_186' title='bbox 395 2499 557 2578; x_wconf 75' lang='grc' dir='ltr'>τεκμήραιτο</span> <span class='ocrx_word' id='word_1_187' title='bbox 576 2496 607 2554; x_wconf 89' lang='grc' dir='ltr'><strong>ἀν</strong></span> <span class='ocrx_word' id='word_1_188' title='bbox 619 2520 673 2567; x_wconf 90' lang='grc' dir='ltr'>τις,</span> <span class='ocrx_word' id='word_1_189' title='bbox 688 2497 722 2561; x_wconf 72' lang='lat' dir='ltr'><strong>ab&lt;</strong></span> <span class='ocrx_word' id='word_1_190' title='bbox 740 2495 867 2573; x_wconf 81' lang='grc' dir='ltr'>θεοφιλεῖς</span> <span class='ocrx_word' id='word_1_191' title='bbox 881 2486 949 2568; x_wconf 74' lang='grc' dir='ltr'>ἦσαν</span> 
     </span>
     <span class='ocr_line' id='line_1_26' title="bbox 123 2582 948 2670; baseline -0.007 -20"><span class='ocrx_word' id='word_1_192' title='bbox 123 2582 151 2625; x_wconf 55' lang='lat'><strong>³5</strong></span> <span class='ocrx_word' id='word_1_193' title='bbox 174 2592 197 2650; x_wconf 84' lang='grc' dir='ltr'>οῖ</span> <span class='ocrx_word' id='word_1_194' title='bbox 212 2591 271 2649; x_wconf 87' lang='grc' dir='ltr'>τότε</span> <span class='ocrx_word' id='word_1_195' title='bbox 287 2589 429 2670; x_wconf 88' lang='grc' dir='ltr'>ἀνθρωποι,</span> <span class='ocrx_word' id='word_1_196' title='bbox 444 2586 490 2645; x_wconf 80' lang='grc' dir='ltr'>σὺν</span> <span class='ocrx_word' id='word_1_197' title='bbox 515 2585 604 2651; x_wconf 75' lang='grc' dir='ltr'>ἄλλοις</span> <span class='ocrx_word' id='word_1_198' title='bbox 618 2585 724 2650; x_wconf 88' lang='grc' dir='ltr'>πολλοῖς</span> <span class='ocrx_word' id='word_1_199' title='bbox 737 2582 784 2640; x_wconf 80' lang='grc' dir='ltr'><strong>καὶ</strong></span> <span class='ocrx_word' id='word_1_200' title='bbox 813 2583 948 2665; x_wconf 88' lang='grc' dir='ltr'>μεγάλοις.</span> 
     </span>
     <span class='ocr_line' id='line_1_27' title="bbox 214 2670 948 2753; baseline -0.012 -12"><span class='ocrx_word' id='word_1_201' title='bbox 214 2681 292 2742; x_wconf 81' lang='lat' dir='ltr'><strong>xiv.</strong></span> <span class='ocrx_word' id='word_1_202' title='bbox 318 2676 352 2738; x_wconf 81' lang='lat' dir='ltr'><strong>‘O</strong></span> <span class='ocrx_word' id='word_1_203' title='bbox 372 2675 399 2736; x_wconf 73' lang='grc' dir='ltr'><strong>δέ</strong></span> <span class='ocrx_word' id='word_1_204' title='bbox 421 2674 571 2753; x_wconf 82' lang='grc' dir='ltr'>Ποστόμιος</span> <span class='ocrx_word' id='word_1_205' title='bbox 599 2672 700 2744; x_wconf 79' lang='grc' dir='ltr'>ἀκεένην</span> <span class='ocrx_word' id='word_1_206' title='bbox 722 2670 770 2749; x_wconf 81' lang='grc' dir='ltr'><strong>μὲν</strong></span> <span class='ocrx_word' id='word_1_207' title='bbox 795 2671 843 2743; x_wconf 74' lang='grc' dir='ltr'><strong>τὴν</strong></span> <span class='ocrx_word' id='word_1_208' title='bbox 866 2673 948 2732; x_wconf 86' lang='grc' dir='ltr'>νύκτα</span> 
     </span>
     <span class='ocr_line' id='line_1_28' title="bbox 173 2760 949 2845; baseline -0.008 -18"><span class='ocrx_word' id='word_1_209' title='bbox 173 2767 463 2845; x_wconf 82' lang='grc' dir='ltr'>κατεστρατοπέδευσεν</span> <span class='ocrx_word' id='word_1_210' title='bbox 477 2767 504 2823; x_wconf 73' lang='grc' dir='ltr'><strong>ἐν</strong></span> <span class='ocrx_word' id='word_1_211' title='bbox 521 2768 558 2841; x_wconf 76' lang='grc' dir='ltr'><strong>τῷ</strong></span> <span class='ocrx_word' id='word_1_212' title='bbox 577 2762 674 2842; x_wconf 83' lang='grc' dir='ltr'>πεδίῳ·</span> <span class='ocrx_word' id='word_1_213' title='bbox 689 2764 722 2836; x_wconf 87' lang='grc' dir='ltr'><strong>τη</strong></span> <span class='ocrx_word' id='word_1_214' title='bbox 742 2762 765 2818; x_wconf 86' lang='grc' dir='ltr'><strong>δ’</strong></span> <span class='ocrx_word' id='word_1_215' title='bbox 780 2760 839 2832; x_wconf 74' lang='grc' dir='ltr'>ἑξῆς</span> <span class='ocrx_word' id='word_1_216' title='bbox 861 2761 949 2843; x_wconf 73' lang='grc' dir='ltr'>ἡμέρᾳ</span> 
     </span>
     <span class='ocr_line' id='line_1_29' title="bbox 172 2850 949 2934; baseline -0.005 -21"><span class='ocrx_word' id='word_1_217' title='bbox 172 2852 341 2934; x_wconf 82' lang='grc' dir='ltr'>στεφανώσας</span> <span class='ocrx_word' id='word_1_218' title='bbox 354 2852 413 2920; x_wconf 75' lang='grc' dir='ltr'>τοὺς</span> <span class='ocrx_word' id='word_1_219' title='bbox 442 2851 647 2932; x_wconf 84' lang='grc' dir='ltr'>ἀριστεύσαντας</span> <span class='ocrx_word' id='word_1_220' title='bbox 673 2851 699 2906; x_wconf 76' lang='grc' dir='ltr'><strong>έν</strong></span> <span class='ocrx_word' id='word_1_221' title='bbox 723 2852 756 2929; x_wconf 83' lang='grc' dir='ltr'><strong>τῇ</strong></span> <span class='ocrx_word' id='word_1_222' title='bbox 778 2852 877 2929; x_wconf 80' lang='grc' dir='ltr'>μάχη,</span> <span class='ocrx_word' id='word_1_223' title='bbox 904 2850 949 2909; x_wconf 84' lang='grc' dir='ltr'><strong>καί</strong></span> 
     </span>
     <span class='ocr_line' id='line_1_30' title="bbox 170 2935 949 3022; baseline -0.012 -20"><span class='ocrx_word' id='word_1_224' title='bbox 170 2942 230 3008; x_wconf 76' lang='grc' dir='ltr'>τοὺς</span> <span class='ocrx_word' id='word_1_225' title='bbox 245 2943 431 3021; x_wconf 82' lang='grc' dir='ltr'>αἰχμαλώτους</span> <span class='ocrx_word' id='word_1_226' title='bbox 442 2941 618 3022; x_wconf 87' lang='grc' dir='ltr'>φυλάττεσθαι</span> <span class='ocrx_word' id='word_1_227' title='bbox 630 2935 741 3006; x_wconf 74' lang='grc' dir='ltr'>διαδοὺς,</span> <span class='ocrx_word' id='word_1_228' title='bbox 757 2937 816 2996; x_wconf 76' lang='lat' dir='ltr'><strong>idue</strong></span> <span class='ocrx_word' id='word_1_229' title='bbox 826 2939 859 2996; x_wconf 71' lang='grc' dir='ltr'><strong>τά</strong></span> <span class='ocrx_word' id='word_1_230' title='bbox 871 2960 949 3010; x_wconf 90' lang='grc' dir='ltr'>νικη-</span> 
     </span>
     <span class='ocr_line' id='line_1_31' title="bbox 121 3021 948 3110; baseline -0.001 -26"><span class='ocrx_word' id='word_1_231' title='bbox 121 3047 148 3084; x_wconf 82' lang='grc' dir='ltr'>ου</span> <span class='ocrx_word' id='word_1_232' title='bbox 171 3029 251 3110; x_wconf 81' lang='grc' dir='ltr'>τήρια</span> <span class='ocrx_word' id='word_1_233' title='bbox 274 3037 328 3096; x_wconf 90' lang='grc' dir='ltr'>τοῖς</span> <span class='ocrx_word' id='word_1_234' title='bbox 342 3032 419 3095; x_wconf 88' lang='grc' dir='ltr'>θεοῖς.</span> <span class='ocrx_word' id='word_1_235' title='bbox 461 3025 523 3087; x_wconf 85' lang='grc' dir='ltr'><strong>Ἔτι</strong></span> <span class='ocrx_word' id='word_1_236' title='bbox 538 3025 565 3084; x_wconf 81' lang='grc' dir='ltr'><strong>δὲ</strong></span> <span class='ocrx_word' id='word_1_237' title='bbox 581 3026 653 3103; x_wconf 82' lang='grc' dir='ltr'>αὐτῷ</span> <span class='ocrx_word' id='word_1_238' title='bbox 667 3021 712 3080; x_wconf 88' lang='grc' dir='ltr'><strong>τδν</strong></span> <span class='ocrx_word' id='word_1_239' title='bbox 738 3023 864 3104; x_wconf 79' lang='grc' dir='ltr'>στέφανον</span> <span class='ocrx_word' id='word_1_240' title='bbox 886 3028 948 3084; x_wconf 73' lang='lat' dir='ltr'><strong>darr-</strong></span> 
     </span>
     <span class='ocr_line' id='line_1_32' title="bbox 172 3112 949 3199; baseline -0.008 -21"><span class='ocrx_word' id='word_1_241' title='bbox 172 3118 285 3199; x_wconf 76' lang='grc' dir='ltr'>κειμένῳ</span> <span class='ocrx_word' id='word_1_242' title='bbox 301 3118 345 3176; x_wconf 87' lang='grc' dir='ltr'><strong>καλ</strong></span> <span class='ocrx_word' id='word_1_243' title='bbox 367 3117 413 3183; x_wconf 86' lang='grc' dir='ltr'><strong>τάς</strong></span> <span class='ocrx_word' id='word_1_244' title='bbox 439 3114 602 3194; x_wconf 77' lang='grc' dir='ltr'>ὑπερπύρους</span> <span class='ocrx_word' id='word_1_245' title='bbox 628 3112 753 3190; x_wconf 76' lang='grc' dir='ltr'>ἀπαρχάς</span> <span class='ocrx_word' id='word_1_246' title='bbox 769 3116 823 3179; x_wconf 88' lang='grc' dir='ltr'>τοῖς</span> <span class='ocrx_word' id='word_1_247' title='bbox 849 3119 949 3192; x_wconf 84' lang='grc' dir='ltr'>βωμοῖς</span> 
     </span>
     <span class='ocr_line' id='line_1_33' title="bbox 173 3199 949 3284; baseline -0.008 -18"><span class='ocrx_word' id='word_1_248' title='bbox 173 3207 324 3284; x_wconf 76' lang='grc' dir='ltr'>ἐπιτιθέντι,</span> <span class='ocrx_word' id='word_1_249' title='bbox 348 3204 442 3264; x_wconf 90' lang='grc' dir='ltr'>σκοποί</span> <span class='ocrx_word' id='word_1_250' title='bbox 469 3226 536 3270; x_wconf 84' lang='grc' dir='ltr'>τινες</span> <span class='ocrx_word' id='word_1_251' title='bbox 560 3202 613 3260; x_wconf 81' lang='grc' dir='ltr'>ἀπὸ</span> <span class='ocrx_word' id='word_1_252' title='bbox 628 3206 679 3260; x_wconf 83' lang='grc' dir='ltr'><strong>τῶν</strong></span> <span class='ocrx_word' id='word_1_253' title='bbox 703 3199 842 3280; x_wconf 83' lang='grc' dir='ltr'>μετεώρων</span> <span class='ocrx_word' id='word_1_254' title='bbox 865 3225 949 3262; x_wconf 86' lang='grc' dir='ltr'>κατα·</span> 
     </span>
     <span class='ocr_line' id='line_1_34' title="bbox 172 3291 975 3375; baseline -0.007 -20"><span class='ocrx_word' id='word_1_255' title='bbox 172 3296 316 3375; x_wconf 86' lang='grc' dir='ltr'>δραμόντες</span> <span class='ocrx_word' id='word_1_256' title='bbox 339 3293 496 3370; x_wconf 78' lang='grc' dir='ltr'>ἀγγέλλουσι</span> <span class='ocrx_word' id='word_1_257' title='bbox 519 3291 646 3366; x_wconf 86' lang='grc' dir='ltr'>πολέμιον</span> <span class='ocrx_word' id='word_1_258' title='bbox 673 3293 717 3350; x_wconf 78' lang='grc' dir='ltr'>ἐπὶ</span> <span class='ocrx_word' id='word_1_259' title='bbox 733 3297 802 3372; x_wconf 76' lang='grc' dir='ltr'>σφᾶς</span> <span class='ocrx_word' id='word_1_260' title='bbox 830 3291 948 3350; x_wconf 80' lang='grc' dir='ltr'>ἐλαύνειν</span> <span class='ocrx_word' id='word_1_261' title='bbox 973 3346 975 3353; x_wconf 48' lang='lat'><strong>,</strong></span> 
     </span>
     <span class='ocr_line' id='line_1_35' title="bbox 171 3372 975 3489; baseline -0.009 -44"><span class='ocrx_word' id='word_1_262' title='bbox 171 3386 298 3466; x_wconf 87' lang='grc' dir='ltr'>στρατόν.</span> <span class='ocrx_word' id='word_1_263' title='bbox 340 3373 394 3442; x_wconf 83' lang='grc' dir='ltr'><strong>Ἦν</strong></span> <span class='ocrx_word' id='word_1_264' title='bbox 408 3381 429 3439; x_wconf 87' lang='grc' dir='ltr'><strong>δ’</strong></span> <span class='ocrx_word' id='word_1_265' title='bbox 441 3383 471 3440; x_wconf 82' lang='grc' dir='ltr'>ἐκ</span> <span class='ocrx_word' id='word_1_266' title='bbox 482 3386 528 3440; x_wconf 80' lang='grc' dir='ltr'><strong>τοῦ</strong></span> <span class='ocrx_word' id='word_1_267' title='bbox 545 3378 720 3439; x_wconf 83' lang='grc' dir='ltr'>Οὐολούσκων</span> <span class='ocrx_word' id='word_1_268' title='bbox 736 3381 823 3444; x_wconf 80' lang='grc' dir='ltr'>ἔθνους</span> <span class='ocrx_word' id='word_1_269' title='bbox 841 3378 946 3438; x_wconf 82' lang='grc' dir='ltr'>έπιλεκ·</span> <span class='ocrx_word' id='word_1_270' title='bbox 973 3372 975 3489; x_wconf 60' lang='grc' dir='ltr'>γ</span> 
     </span>
     <span class='ocr_line' id='line_1_36' title="bbox 120 3466 975 3570; baseline -0.009 -37"><span class='ocrx_word' id='word_1_271' title='bbox 120 3486 146 3526; x_wconf 72' lang='grc' dir='ltr'>8ο</span> <span class='ocrx_word' id='word_1_272' title='bbox 171 3498 214 3541; x_wconf 92' lang='grc' dir='ltr'><strong>τος</strong></span> <span class='ocrx_word' id='word_1_273' title='bbox 229 3473 302 3549; x_wconf 79' lang='grc' dir='ltr'>ἀκμὴ</span> <span class='ocrx_word' id='word_1_274' title='bbox 316 3472 457 3549; x_wconf 83' lang='grc' dir='ltr'>σύμμαχος</span> <span class='ocrx_word' id='word_1_275' title='bbox 478 3468 665 3542; x_wconf 73' lang='grc' dir='ltr'>ἀπεσταλμένη</span> <span class='ocrx_word' id='word_1_276' title='bbox 684 3467 820 3543; x_wconf 84' lang='grc' dir='ltr'>Λατίνοις,</span> <span class='ocrx_word' id='word_1_277' title='bbox 844 3466 905 3546; x_wconf 83' lang='grc' dir='ltr'>πρὶν</span> <span class='ocrx_word' id='word_1_278' title='bbox 929 3467 947 3541; x_wconf 73' lang='grc' dir='ltr'>ἢ</span> <span class='ocrx_word' id='word_1_279' title='bbox 972 3500 975 3570; x_wconf 66' lang='grc' dir='ltr'>φ</span> 
     </span>
     <span class='ocr_line' id='line_1_37' title="bbox 170 3556 946 3641; baseline -0.006 -18"><span class='ocrx_word' id='word_1_280' title='bbox 170 3563 220 3635; x_wconf 77' lang='grc' dir='ltr'><strong>τὴν</strong></span> <span class='ocrx_word' id='word_1_281' title='bbox 234 3563 323 3641; x_wconf 88' lang='grc' dir='ltr'>μάχην</span> <span class='ocrx_word' id='word_1_282' title='bbox 337 3564 422 3619; x_wconf 84' lang='grc' dir='ltr'>αὐτῶν</span> <span class='ocrx_word' id='word_1_283' title='bbox 439 3559 649 3629; x_wconf 83' lang='grc' dir='ltr'>ἐπιτελεσθῆναι.</span> <span class='ocrx_word' id='word_1_284' title='bbox 693 3557 744 3623; x_wconf 88' lang='grc' dir='ltr'><strong>Ὡς</strong></span> <span class='ocrx_word' id='word_1_285' title='bbox 763 3559 790 3617; x_wconf 85' lang='grc' dir='ltr'><strong>δὲ</strong></span> <span class='ocrx_word' id='word_1_286' title='bbox 811 3556 842 3628; x_wconf 78' lang='grc' dir='ltr'><strong>δὴ</strong></span> <span class='ocrx_word' id='word_1_287' title='bbox 863 3563 946 3618; x_wconf 77' lang='grc' dir='ltr'>ταῦτα</span> 
     </span>
     <span class='ocr_line' id='line_1_38' title="bbox 171 3645 946 3730; baseline -0.006 -18"><span class='ocrx_word' id='word_1_288' title='bbox 171 3655 249 3730; x_wconf 84' lang='grc' dir='ltr'>ἔγνω,</span> <span class='ocrx_word' id='word_1_289' title='bbox 275 3656 372 3730; x_wconf 85' lang='grc' dir='ltr'>χωρεῖν</span> <span class='ocrx_word' id='word_1_290' title='bbox 387 3648 505 3714; x_wconf 79' lang='grc' dir='ltr'>ἅπαντας</span> <span class='ocrx_word' id='word_1_291' title='bbox 528 3647 663 3706; x_wconf 81' lang='grc' dir='ltr'>ἐκέλευσεν</span> <span class='ocrx_word' id='word_1_292' title='bbox 684 3647 729 3705; x_wconf 74' lang='grc' dir='ltr'>ἐπὶ</span> <span class='ocrx_word' id='word_1_293' title='bbox 749 3646 782 3706; x_wconf 85' lang='grc' dir='ltr'>τά</span> <span class='ocrx_word' id='word_1_294' title='bbox 805 3645 875 3707; x_wconf 84' lang='grc' dir='ltr'>δπλοι</span> <span class='ocrx_word' id='word_1_295' title='bbox 899 3647 946 3707; x_wconf 83' lang='grc' dir='ltr'><strong>καί</strong></span> 
     </span>
     <span class='ocr_line' id='line_1_39' title="bbox 170 3734 974 3821; baseline -0.006 -21"><span class='ocrx_word' id='word_1_296' title='bbox 170 3740 256 3817; x_wconf 82' lang='grc' dir='ltr'>με’νειν</span> <span class='ocrx_word' id='word_1_297' title='bbox 273 3744 299 3800; x_wconf 84' lang='grc' dir='ltr'><strong>ἐν</strong></span> <span class='ocrx_word' id='word_1_298' title='bbox 322 3743 360 3818; x_wconf 80' lang='grc' dir='ltr'><strong>τῷ</strong></span> <span class='ocrx_word' id='word_1_299' title='bbox 384 3738 484 3817; x_wconf 85' lang='grc' dir='ltr'>χάρακι</span> <span class='ocrx_word' id='word_1_300' title='bbox 500 3734 572 3815; x_wconf 78' lang='grc' dir='ltr'>παρὰ</span> <span class='ocrx_word' id='word_1_301' title='bbox 592 3735 649 3801; x_wconf 79' lang='grc' dir='ltr'>ταῖς</span> <span class='ocrx_word' id='word_1_302' title='bbox 672 3737 748 3801; x_wconf 82' lang='grc' dir='ltr'>ἰδίαις</span> <span class='ocrx_word' id='word_1_303' title='bbox 761 3735 873 3796; x_wconf 72' lang='grc' dir='ltr'>ἕκαστον</span> <span class='ocrx_word' id='word_1_304' title='bbox 898 3761 947 3810; x_wconf 88' lang='grc' dir='ltr'><strong>ση·</strong></span> <span class='ocrx_word' id='word_1_305' title='bbox 972 3778 974 3821; x_wconf 54' lang='grc' dir='ltr'>γ</span> 
     </span>
     <span class='ocr_line' id='line_1_40' title="bbox 173 3820 974 3906; baseline 0 -23"><span class='ocrx_word' id='word_1_306' title='bbox 173 3827 264 3901; x_wconf 86' lang='grc' dir='ltr'>μαίαις</span> <span class='ocrx_word' id='word_1_307' title='bbox 280 3828 354 3906; x_wconf 79' lang='grc' dir='ltr'>σιγὴν</span> <span class='ocrx_word' id='word_1_308' title='bbox 373 3827 419 3885; x_wconf 78' lang='grc' dir='ltr'><strong>καὶ</strong></span> <span class='ocrx_word' id='word_1_309' title='bbox 436 3826 534 3900; x_wconf 87' lang='grc' dir='ltr'>κόσμον</span> <span class='ocrx_word' id='word_1_310' title='bbox 551 3823 744 3901; x_wconf 86' lang='grc' dir='ltr'>φυλάττοντας,</span> <span class='ocrx_word' id='word_1_311' title='bbox 756 3820 805 3890; x_wconf 76' lang='grc' dir='ltr'><strong>ἕως</strong></span> <span class='ocrx_word' id='word_1_312' title='bbox 822 3823 855 3880; x_wconf 84' lang='grc' dir='ltr'><strong>ἀν</strong></span> <span class='ocrx_word' id='word_1_313' title='bbox 869 3825 947 3893; x_wconf 80' lang='grc' dir='ltr'>αὐτός</span> <span class='ocrx_word' id='word_1_314' title='bbox 972 3828 974 3875; x_wconf 70' lang='lat'><strong>5</strong></span> 
     </span>
     <span class='ocr_line' id='line_1_41' title="bbox 117 3899 973 3995; baseline -0.001 -24"><span class='ocrx_word' id='word_1_315' title='bbox 117 3927 143 3964; x_wconf 68' lang='grc' dir='ltr'><strong>*θ</strong></span> <span class='ocrx_word' id='word_1_316' title='bbox 170 3915 254 3994; x_wconf 76' lang='grc' dir='ltr'>θχρὴ</span> <span class='ocrx_word' id='word_1_317' title='bbox 271 3918 396 3995; x_wconf 86' lang='grc' dir='ltr'>πράττειν</span> <span class='ocrx_word' id='word_1_318' title='bbox 414 3910 598 3993; x_wconf 72' lang='grc' dir='ltr'>παραγγέλλῃ.</span> <span class='ocrx_word' id='word_1_319' title='bbox 643 3914 678 3970; x_wconf 78' lang='grc' dir='ltr'><strong>Οἱ</strong></span> <span class='ocrx_word' id='word_1_320' title='bbox 692 3912 718 3968; x_wconf 74' lang='grc' dir='ltr'><strong>δὲ</strong></span> <span class='ocrx_word' id='word_1_321' title='bbox 738 3913 789 3969; x_wconf 86' lang='grc' dir='ltr'><strong>τῶν</strong></span> <span class='ocrx_word' id='word_1_322' title='bbox 807 3912 945 3971; x_wconf 79' lang='grc' dir='ltr'>Οὐολούσ-</span> <span class='ocrx_word' id='word_1_323' title='bbox 971 3899 973 3977; x_wconf 80' lang='grc' dir='ltr'>ί</span> 
     </span>
     <span class='ocr_line' id='line_1_42' title="bbox 169 3986 973 4079; baseline -0.002 -19"><span class='ocrx_word' id='word_1_324' title='bbox 169 4027 221 4060; x_wconf 89' lang='grc' dir='ltr'>κων</span> <span class='ocrx_word' id='word_1_325' title='bbox 247 4006 371 4079; x_wconf 76' lang='grc' dir='ltr'>ἡγεμόνες</span> <span class='ocrx_word' id='word_1_326' title='bbox 383 4003 408 4071; x_wconf 79' lang='grc' dir='ltr'><strong>ἐξ</strong></span> <span class='ocrx_word' id='word_1_327' title='bbox 432 4002 552 4062; x_wconf 81' lang='grc' dir='ltr'>ἀπόπτου</span> <span class='ocrx_word' id='word_1_328' title='bbox 567 4003 618 4059; x_wconf 86' lang='grc' dir='ltr'><strong>τῶν</strong></span> <span class='ocrx_word' id='word_1_329' title='bbox 630 3998 775 4073; x_wconf 85' lang='grc' dir='ltr'>Ῥωμαίων</span> <span class='ocrx_word' id='word_1_330' title='bbox 796 3998 944 4077; x_wconf 82' lang='grc' dir='ltr'>παρεμύα-</span> <span class='ocrx_word' id='word_1_331' title='bbox 970 3986 973 4069; x_wconf 74' lang='grc' dir='ltr'>ί</span> 
     </span>
     <span class='ocr_line' id='line_1_43' title="bbox 168 4083 945 4168; baseline -0.004 -19"><span class='ocrx_word' id='word_1_332' title='bbox 168 4093 266 4159; x_wconf 89' lang='grc' dir='ltr'>λόντες,</span> <span class='ocrx_word' id='word_1_333' title='bbox 282 4096 316 4156; x_wconf 78' lang='grc' dir='ltr'><strong>ὡς</strong></span> <span class='ocrx_word' id='word_1_334' title='bbox 330 4083 398 4149; x_wconf 77' lang='grc' dir='ltr'>εἶδον</span> <span class='ocrx_word' id='word_1_335' title='bbox 418 4090 513 4168; x_wconf 80' lang='grc' dir='ltr'>μεστὸν</span> <span class='ocrx_word' id='word_1_336' title='bbox 528 4090 575 4166; x_wconf 78' lang='grc' dir='ltr'><strong>μὲν</strong></span> <span class='ocrx_word' id='word_1_337' title='bbox 588 4089 624 4148; x_wconf 47' lang='grc' dir='ltr'><strong>τὸ,</strong></span> <span class='ocrx_word' id='word_1_338' title='bbox 632 4088 720 4147; x_wconf 83' lang='grc' dir='ltr'>πεδίον</span> <span class='ocrx_word' id='word_1_339' title='bbox 737 4089 837 4165; x_wconf 87' lang='grc' dir='ltr'>νεκρῶν</span> <span class='ocrx_word' id='word_1_340' title='bbox 856 4087 945 4167; x_wconf 84' lang='grc' dir='ltr'>θρθοθς</span> 
     </span>
     <span class='ocr_line' id='line_1_44' title="bbox 170 4175 944 4260; baseline 0.001 -24"><span class='ocrx_word' id='word_1_341' title='bbox 170 4179 196 4238; x_wconf 80' lang='lat' dir='ltr'><strong>it</strong></span> <span class='ocrx_word' id='word_1_342' title='bbox 224 4176 283 4243; x_wconf 78' lang='grc' dir='ltr'>τοὺς</span> <span class='ocrx_word' id='word_1_343' title='bbox 307 4179 428 4258; x_wconf 84' lang='grc' dir='ltr'>χάρακας</span> <span class='ocrx_word' id='word_1_344' title='bbox 445 4179 620 4260; x_wconf 80' lang='grc' dir='ltr'>ἀμφοτέρους,</span> <span class='ocrx_word' id='word_1_345' title='bbox 648 4175 774 4255; x_wconf 85' lang='grc' dir='ltr'>προϊόντα</span> <span class='ocrx_word' id='word_1_346' title='bbox 800 4177 822 4238; x_wconf 81' lang='grc' dir='ltr'><strong>δ’</strong></span> <span class='ocrx_word' id='word_1_347' title='bbox 847 4179 944 4237; x_wconf 79' lang='grc' dir='ltr'>ἐκτῶν</span> 
     </span>
     <span class='ocr_line' id='line_1_45' title="bbox 169 4264 944 4346; baseline 0 -20"><span class='ocrx_word' id='word_1_348' title='bbox 169 4267 305 4346; x_wconf 73' lang='grc' dir='ltr'>ἐρυμάτων</span> <span class='ocrx_word' id='word_1_349' title='bbox 321 4267 379 4325; x_wconf 85' lang='grc' dir='ltr'>οὔτε</span> <span class='ocrx_word' id='word_1_350' title='bbox 390 4268 516 4343; x_wconf 83' lang='grc' dir='ltr'>πολέμιον</span> <span class='ocrx_word' id='word_1_351' title='bbox 531 4268 589 4326; x_wconf 83' lang='grc' dir='ltr'>οὔτε</span> <span class='ocrx_word' id='word_1_352' title='bbox 607 4265 679 4345; x_wconf 87' lang='grc' dir='ltr'>φίλον</span> <span class='ocrx_word' id='word_1_353' title='bbox 695 4264 802 4338; x_wconf 80' lang='grc' dir='ltr'>οὐδένα,</span> <span class='ocrx_word' id='word_1_354' title='bbox 819 4265 883 4334; x_wconf 79' lang='grc' dir='ltr'>τέως</span> <span class='ocrx_word' id='word_1_355' title='bbox 897 4267 944 4343; x_wconf 78' lang='grc' dir='ltr'><strong>μὲν</strong></span> 
     </span>
     <span class='ocr_line' id='line_1_46' title="bbox 115 4355 944 4437; baseline 0.002 -23"><span class='ocrx_word' id='word_1_356' title='bbox 115 4384 140 4421; x_wconf 78' lang='grc' dir='ltr'><strong>ιι,</strong></span> <span class='ocrx_word' id='word_1_357' title='bbox 169 4357 315 4434; x_wconf 79' lang='grc' dir='ltr'>ἐθαύμαζον</span> <span class='ocrx_word' id='word_1_358' title='bbox 330 4357 374 4415; x_wconf 84' lang='grc' dir='ltr'><strong>καὶ</strong></span> <span class='ocrx_word' id='word_1_359' title='bbox 394 4357 430 4422; x_wconf 87' lang='grc' dir='ltr'><strong>τίς</strong></span> <span class='ocrx_word' id='word_1_360' title='bbox 447 4363 463 4427; x_wconf 82' lang='grc' dir='ltr'>ἡ</span> <span class='ocrx_word' id='word_1_361' title='bbox 477 4361 649 4436; x_wconf 79' lang='grc' dir='ltr'>κατειληφυῖα</span> <span class='ocrx_word' id='word_1_362' title='bbox 660 4355 729 4435; x_wconf 75' lang='grc' dir='ltr'>τύχη</span> <span class='ocrx_word' id='word_1_363' title='bbox 743 4355 776 4413; x_wconf 88' lang='grc' dir='ltr'>τά</span> <span class='ocrx_word' id='word_1_364' title='bbox 797 4357 944 4437; x_wconf 87' lang='grc' dir='ltr'>πράγματα</span> 
     </span>
     <span class='ocr_line' id='line_1_47' title="bbox 168 4438 945 4525; baseline 0.004 -23"><span class='ocrx_word' id='word_1_365' title='bbox 168 4447 272 4524; x_wconf 89' lang='grc' dir='ltr'>ἀπόρως</span> <span class='ocrx_word' id='word_1_366' title='bbox 289 4438 359 4525; x_wconf 80' lang='grc' dir='ltr'>εἶχον</span> <span class='ocrx_word' id='word_1_367' title='bbox 369 4445 547 4520; x_wconf 74' lang='grc' dir='ltr'>συμύάλλειν·</span> <span class='ocrx_word' id='word_1_368' title='bbox 570 4445 627 4504; x_wconf 78' lang='grc' dir='ltr'>ἐπεὶ</span> <span class='ocrx_word' id='word_1_369' title='bbox 642 4445 668 4503; x_wconf 79' lang='grc' dir='ltr'><strong>δέ</strong></span> <span class='ocrx_word' id='word_1_370' title='bbox 683 4445 756 4523; x_wconf 79' lang='grc' dir='ltr'>παρὰ</span> <span class='ocrx_word' id='word_1_371' title='bbox 772 4447 823 4502; x_wconf 83' lang='grc' dir='ltr'><strong>τῶν</strong></span> <span class='ocrx_word' id='word_1_372' title='bbox 834 4448 945 4505; x_wconf 86' lang='grc' dir='ltr'>ἀνασω-</span> 
     </span>
     <span class='ocr_line' id='line_1_48' title="bbox 170 4532 973 4614; baseline 0 -20"><span class='ocrx_word' id='word_1_373' title='bbox 170 4535 285 4603; x_wconf 81' lang='grc' dir='ltr'>ζομένων</span> <span class='ocrx_word' id='word_1_374' title='bbox 302 4539 331 4594; x_wconf 85' lang='grc' dir='ltr'>ἐκ</span> <span class='ocrx_word' id='word_1_375' title='bbox 345 4538 391 4603; x_wconf 74' lang='grc' dir='ltr'><strong>τῆς</strong></span> <span class='ocrx_word' id='word_1_376' title='bbox 405 4539 503 4612; x_wconf 74' lang='grc' dir='ltr'>τροπῆς</span> <span class='ocrx_word' id='word_1_377' title='bbox 527 4535 632 4592; x_wconf 81' lang='grc' dir='ltr'>ἅπαντα</span> <span class='ocrx_word' id='word_1_378' title='bbox 660 4535 693 4591; x_wconf 75' lang='grc' dir='ltr'><strong>τὰ</strong></span> <span class='ocrx_word' id='word_1_379' title='bbox 711 4533 771 4614; x_wconf 81' lang='grc' dir='ltr'>περὶ</span> <span class='ocrx_word' id='word_1_380' title='bbox 792 4532 835 4593; x_wconf 83' lang='grc' dir='ltr'><strong>τὸν</strong></span> <span class='ocrx_word' id='word_1_381' title='bbox 855 4537 944 4611; x_wconf 88' lang='grc' dir='ltr'>ἀγῶνα</span> <span class='ocrx_word' id='word_1_382' title='bbox 970 4556 973 4567; x_wconf 82' lang='grc'><strong><em>’</em></strong></span> 
     </span>
     <span class='ocr_line' id='line_1_49' title="bbox 169 4622 945 4702; baseline -0.001 -18"><span class='ocrx_word' id='word_1_383' title='bbox 169 4629 280 4700; x_wconf 86' lang='grc' dir='ltr'>ἔμαθον,</span> <span class='ocrx_word' id='word_1_384' title='bbox 297 4624 422 4683; x_wconf 86' lang='grc' dir='ltr'>ἐσκόπουν</span> <span class='ocrx_word' id='word_1_385' title='bbox 451 4623 517 4694; x_wconf 84' lang='grc' dir='ltr'>μετὰ</span> <span class='ocrx_word' id='word_1_386' title='bbox 551 4627 602 4680; x_wconf 86' lang='grc' dir='ltr'><strong>τῶν</strong></span> <span class='ocrx_word' id='word_1_387' title='bbox 634 4624 721 4682; x_wconf 88' lang='grc' dir='ltr'>άλλων</span> <span class='ocrx_word' id='word_1_388' title='bbox 755 4622 891 4702; x_wconf 74' lang='grc' dir='ltr'>ἡγεμόνων</span> <span class='ocrx_word' id='word_1_389' title='bbox 919 4625 945 4683; x_wconf 89' lang='grc' dir='ltr'><strong>τί</strong></span> 
     </span>
     <span class='ocr_line' id='line_1_50' title="bbox 169 4703 944 4794; baseline 0 -22"><span class='ocrx_word' id='word_1_390' title='bbox 169 4717 222 4791; x_wconf 75' lang='grc' dir='ltr'><strong>χρὴ</strong></span> <span class='ocrx_word' id='word_1_391' title='bbox 255 4714 390 4794; x_wconf 90' lang='grc' dir='ltr'>πράττειν.</span> <span class='ocrx_word' id='word_1_392' title='bbox 433 4715 496 4777; x_wconf 85' lang='grc' dir='ltr'>’ίόῐς</span> <span class='ocrx_word' id='word_1_393' title='bbox 522 4712 569 4787; x_wconf 80' lang='grc' dir='ltr'><strong>μὲν</strong></span> <span class='ocrx_word' id='word_1_394' title='bbox 597 4703 640 4771; x_wconf 83' lang='grc' dir='ltr'>ούν</span> <span class='ocrx_word' id='word_1_395' title='bbox 663 4713 834 4793; x_wconf 88' lang='grc' dir='ltr'>θρασυτάτοις</span> <span class='ocrx_word' id='word_1_396' title='bbox 859 4717 944 4774; x_wconf 78' lang='grc' dir='ltr'>αὐτῶν</span> 
     </span>
     <span class='ocr_line' id='line_1_51' title="bbox 115 4791 944 4882; baseline 0.007 -26"><span class='ocrx_word' id='word_1_397' title='bbox 115 4827 143 4866; x_wconf 75' lang='grc' dir='ltr'>ω</span> <span class='ocrx_word' id='word_1_398' title='bbox 171 4802 254 4861; x_wconf 72' lang='grc' dir='ltr'>ἐδόκει</span> <span class='ocrx_word' id='word_1_399' title='bbox 276 4803 415 4882; x_wconf 90' lang='grc' dir='ltr'>κράτιστον</span> <span class='ocrx_word' id='word_1_400' title='bbox 432 4791 512 4874; x_wconf 75' lang='grc' dir='ltr'>εἶναι,</span> <span class='ocrx_word' id='word_1_401' title='bbox 525 4812 620 4880; x_wconf 88' lang='grc' dir='ltr'>χωρεῖν</span> <span class='ocrx_word' id='word_1_402' title='bbox 637 4801 679 4860; x_wconf 83' lang='grc' dir='ltr'>ἐπλ</span> <span class='ocrx_word' id='word_1_403' title='bbox 698 4801 741 4861; x_wconf 82' lang='grc' dir='ltr'><strong>τόν</strong></span> <span class='ocrx_word' id='word_1_404' title='bbox 761 4801 869 4881; x_wconf 86' lang='grc' dir='ltr'>χάρακα</span> <span class='ocrx_word' id='word_1_405' title='bbox 892 4807 944 4864; x_wconf 81' lang='grc' dir='ltr'><strong>τῶν</strong></span> 
     </span>
     <span class='ocr_line' id='line_1_52' title="bbox 170 4887 944 4971; baseline 0.005 -23"><span class='ocrx_word' id='word_1_406' title='bbox 170 4887 312 4966; x_wconf 78' lang='grc' dir='ltr'>Ῥωμαίων</span> <span class='ocrx_word' id='word_1_407' title='bbox 337 4892 364 4961; x_wconf 78' lang='grc' dir='ltr'><strong>ἐξ</strong></span> <span class='ocrx_word' id='word_1_408' title='bbox 385 4891 493 4971; x_wconf 76' lang='grc' dir='ltr'>ἐφόδου,</span> <span class='ocrx_word' id='word_1_409' title='bbox 521 4891 569 4957; x_wconf 74' lang='grc' dir='ltr'><strong>ἕως</strong></span> <span class='ocrx_word' id='word_1_410' title='bbox 591 4891 683 4951; x_wconf 82' lang='grc' dir='ltr'>πολλοὶ</span> <span class='ocrx_word' id='word_1_411' title='bbox 710 4891 758 4966; x_wconf 83' lang='grc' dir='ltr'><strong>μὲν</strong></span> <span class='ocrx_word' id='word_1_412' title='bbox 774 4890 872 4968; x_wconf 79' lang='grc' dir='ltr'>ἔκαμον</span> <span class='ocrx_word' id='word_1_413' title='bbox 894 4894 944 4952; x_wconf 73' lang='grc' dir='ltr'>ὑπὸ</span> 
     </span>
     <span class='ocr_line' id='line_1_53' title="bbox 169 4979 943 5060; baseline 0 -22"><span class='ocrx_word' id='word_1_414' title='bbox 169 4981 338 5054; x_wconf 76' lang='grc' dir='ltr'>τραυμάτων,</span> <span class='ocrx_word' id='word_1_415' title='bbox 350 4980 527 5060; x_wconf 78' lang='grc' dir='ltr'>ἀπειρήκεσάν</span> <span class='ocrx_word' id='word_1_416' title='bbox 538 5004 566 5038; x_wconf 86' lang='grc' dir='ltr'><strong>τε</strong></span> <span class='ocrx_word' id='word_1_417' title='bbox 578 4980 691 5045; x_wconf 83' lang='grc' dir='ltr'>ἅπαντες</span> <span class='ocrx_word' id='word_1_418' title='bbox 707 4980 758 5037; x_wconf 83' lang='grc' dir='ltr'>ὑπὸ</span> <span class='ocrx_word' id='word_1_419' title='bbox 772 4980 864 5053; x_wconf 89' lang='grc' dir='ltr'>κόπου,</span> <span class='ocrx_word' id='word_1_420' title='bbox 875 4979 943 5039; x_wconf 87' lang='grc' dir='ltr'>όπλα</span> 
     </span>
     <span class='ocr_line' id='line_1_54' title="bbox 169 5061 944 5147; baseline 0.006 -24"><span class='ocrx_word' id='word_1_421' title='bbox 169 5087 196 5120; x_wconf 83' lang='grc' dir='ltr'><strong>τε</strong></span> <span class='ocrx_word' id='word_1_422' title='bbox 213 5066 335 5142; x_wconf 85' lang='grc' dir='ltr'>ἀχρηστα</span> <span class='ocrx_word' id='word_1_423' title='bbox 352 5071 405 5136; x_wconf 83' lang='grc' dir='ltr'>τοῖς</span> <span class='ocrx_word' id='word_1_424' title='bbox 420 5071 553 5135; x_wconf 88' lang='grc' dir='ltr'>πλείστοις</span> <span class='ocrx_word' id='word_1_425' title='bbox 567 5061 654 5145; x_wconf 72' lang='grc' dir='ltr'>ἦν,τά</span> <span class='ocrx_word' id='word_1_426' title='bbox 669 5067 716 5146; x_wconf 81' lang='grc' dir='ltr'><strong>μὲν</strong></span> <span class='ocrx_word' id='word_1_427' title='bbox 733 5069 944 5147; x_wconf 81' lang='grc' dir='ltr'>ἀπεστομωμένα</span> 
     </span>
     <span class='ocr_line' id='line_1_55' title="bbox 171 5152 941 5238; baseline 0.008 -29"><span class='ocrx_word' id='word_1_428' title='bbox 171 5152 219 5220; x_wconf 77' lang='grc' dir='ltr'><strong>τὰς</strong></span> <span class='ocrx_word' id='word_1_429' title='bbox 234 5153 330 5229; x_wconf 76' lang='grc' dir='ltr'>ἀκμὰς,</span> <span class='ocrx_word' id='word_1_430' title='bbox 350 5153 385 5211; x_wconf 86' lang='grc' dir='ltr'><strong>τδι</strong></span> <span class='ocrx_word' id='word_1_431' title='bbox 400 5155 427 5214; x_wconf 78' lang='grc' dir='ltr'><strong>δὲ</strong></span> <span class='ocrx_word' id='word_1_432' title='bbox 443 5157 601 5232; x_wconf 88' lang='grc' dir='ltr'>κατεαγότα,</span> <span class='ocrx_word' id='word_1_433' title='bbox 615 5156 661 5212; x_wconf 81' lang='grc' dir='ltr'><strong>καὶ</strong></span> <span class='ocrx_word' id='word_1_434' title='bbox 678 5159 785 5233; x_wconf 78' lang='grc' dir='ltr'>βοήθεια</span> <span class='ocrx_word' id='word_1_435' title='bbox 797 5157 871 5238; x_wconf 80' lang='grc' dir='ltr'>παρὰ</span> <span class='ocrx_word' id='word_1_436' title='bbox 889 5159 941 5216; x_wconf 86' lang='grc' dir='ltr'><strong>τῶν</strong></span> 
     </span>
    </p>
   </div>
   <div class='ocr_carea' id='block_1_5' title="bbox 695 314 1261 383">
    <p class='ocr_par' dir='ltr' id='par_1_5' title="bbox 695 314 1261 383">
     <span class='ocr_line' id='line_1_56' title="bbox 695 314 1261 383; baseline -0.011 0"><span class='ocrx_word' id='word_1_437' title='bbox 695 320 860 383; x_wconf 78' lang='lat' dir='ltr'><strong>utnulsn</strong></span> <span class='ocrx_word' id='word_1_438' title='bbox 884 314 1261 379; x_wconf 73' lang='lat' dir='ltr'><strong>bnnruanunsslln&#39;sls</strong></span> 
     </span>
    </p>
   </div>
   <div class='ocr_carea' id='block_1_6' title="bbox 1000 456 1786 4156">
    <p class='ocr_par' dir='ltr' id='par_1_6' title="bbox 1003 456 1786 2658">
     <span class='ocr_line' id='line_1_57' title="bbox 1003 456 1786 526; baseline 0.001 -16"><span class='ocrx_word' id='word_1_439' title='bbox 1003 460 1029 510; x_wconf 91' lang='lat' dir='ltr'><strong>in</strong></span> <span class='ocrx_word' id='word_1_440' title='bbox 1051 460 1103 510; x_wconf 87' lang='lat' dir='ltr'><strong>toro</strong></span> <span class='ocrx_word' id='word_1_441' title='bbox 1117 459 1221 526; x_wconf 86' lang='lat' dir='ltr'><strong>populus</strong></span> <span class='ocrx_word' id='word_1_442' title='bbox 1239 460 1363 508; x_wconf 79' lang='lat' dir='ltr'><strong>Romanus</strong></span> <span class='ocrx_word' id='word_1_443' title='bbox 1385 456 1533 518; x_wconf 72' lang='lat' dir='ltr'><strong>adiiicarit,</strong></span> <span class='ocrx_word' id='word_1_444' title='bbox 1560 458 1587 508; x_wconf 93' lang='lat' dir='ltr'><strong>ln</strong></span> <span class='ocrx_word' id='word_1_445' title='bbox 1604 471 1634 510; x_wconf 83' lang='lat' dir='ltr'><strong>so</strong></span> <span class='ocrx_word' id='word_1_446' title='bbox 1655 459 1711 523; x_wconf 91' lang='lat' dir='ltr'><strong>ipso</strong></span> <span class='ocrx_word' id='word_1_447' title='bbox 1728 460 1786 511; x_wconf 94' lang='lat' dir='ltr'><strong>ioco</strong></span> 
     </span>
     <span class='ocr_line' id='line_1_58' title="bbox 1004 554 1785 624; baseline 0.004 -18"><span class='ocrx_word' id='word_1_448' title='bbox 1004 556 1046 606; x_wconf 90' lang='lat' dir='ltr'><strong>ubi</strong></span> <span class='ocrx_word' id='word_1_449' title='bbox 1058 556 1118 606; x_wconf 78' lang='lat' dir='ltr'><strong>vissa</strong></span> <span class='ocrx_word' id='word_1_450' title='bbox 1134 557 1233 606; x_wconf 81' lang='lat' dir='ltr'><strong>fuerant</strong></span> <span class='ocrx_word' id='word_1_451' title='bbox 1248 554 1380 618; x_wconf 55' lang='lat' dir='ltr'><strong>imaginem</strong></span> <span class='ocrx_word' id='word_1_452' title='bbox 1394 557 1451 604; x_wconf 88' lang='lat' dir='ltr'><strong>tum</strong></span> <span class='ocrx_word' id='word_1_453' title='bbox 1475 554 1532 604; x_wconf 87' lang='lat' dir='ltr'><strong>iona</strong></span> <span class='ocrx_word' id='word_1_454' title='bbox 1549 554 1598 605; x_wconf 78' lang='lat' dir='ltr'><strong>oedi</strong></span> <span class='ocrx_word' id='word_1_455' title='bbox 1610 555 1715 619; x_wconf 76' lang='lat' dir='ltr'><strong>riclnm,</strong></span> <span class='ocrx_word' id='word_1_456' title='bbox 1740 560 1785 624; x_wconf 89' lang='lat' dir='ltr'><strong>qui</strong></span> 
     </span>
     <span class='ocr_line' id='line_1_59' title="bbox 1004 652 1784 718; baseline 0.001 -12"><span class='ocrx_word' id='word_1_457' title='bbox 1004 655 1103 706; x_wconf 87' lang='lat' dir='ltr'><strong>abistis</strong></span> <span class='ocrx_word' id='word_1_458' title='bbox 1118 654 1166 705; x_wconf 91' lang='lat' dir='ltr'><strong>diis</strong></span> <span class='ocrx_word' id='word_1_459' title='bbox 1185 668 1276 706; x_wconf 90' lang='lat' dir='ltr'><strong>nomen</strong></span> <span class='ocrx_word' id='word_1_460' title='bbox 1289 653 1346 714; x_wconf 85' lang='lat' dir='ltr'><strong>tert,</strong></span> <span class='ocrx_word' id='word_1_461' title='bbox 1360 657 1385 704; x_wconf 89' lang='lat' dir='ltr'><strong>et</strong></span> <span class='ocrx_word' id='word_1_462' title='bbox 1399 653 1431 703; x_wconf 87' lang='lat' dir='ltr'><strong>ad</strong></span> <span class='ocrx_word' id='word_1_463' title='bbox 1449 652 1515 703; x_wconf 91' lang='lat' dir='ltr'><strong>banc</strong></span> <span class='ocrx_word' id='word_1_464' title='bbox 1526 665 1606 718; x_wconf 88' lang='lat' dir='ltr'><strong>usque</strong></span> <span class='ocrx_word' id='word_1_465' title='bbox 1630 653 1696 706; x_wconf 88' lang='lat' dir='ltr'><strong>diem</strong></span> <span class='ocrx_word' id='word_1_466' title='bbox 1711 669 1784 708; x_wconf 86' lang='lat' dir='ltr'><strong>sacer</strong></span> 
     </span>
     <span class='ocr_line' id='line_1_60' title="bbox 1004 749 1784 816; baseline 0.001 -12"><span class='ocrx_word' id='word_1_467' title='bbox 1004 753 1124 813; x_wconf 76' lang='lat' dir='ltr'><strong>babetur,</strong></span> <span class='ocrx_word' id='word_1_468' title='bbox 1139 751 1277 804; x_wconf 81' lang='lat' dir='ltr'><strong>tumetium</strong></span> <span class='ocrx_word' id='word_1_469' title='bbox 1296 751 1427 816; x_wconf 79' lang='lat' dir='ltr'><strong>magnilica</strong></span> <span class='ocrx_word' id='word_1_470' title='bbox 1443 749 1572 814; x_wconf 80' lang='lat' dir='ltr'><strong>sacrificia,</strong></span> <span class='ocrx_word' id='word_1_471' title='bbox 1587 764 1644 814; x_wconf 81' lang='lat' dir='ltr'><strong>quis</strong></span> <span class='ocrx_word' id='word_1_472' title='bbox 1654 754 1784 815; x_wconf 72' lang='lat' dir='ltr'><strong>quotannis</strong></span> 
     </span>
     <span class='ocr_line' id='line_1_61' title="bbox 1004 848 1785 915; baseline 0.004 -16"><span class='ocrx_word' id='word_1_473' title='bbox 1004 851 1111 915; x_wconf 92' lang='lat' dir='ltr'><strong>populus</strong></span> <span class='ocrx_word' id='word_1_474' title='bbox 1124 851 1250 900; x_wconf 83' lang='lat' dir='ltr'><strong>Romanus</strong></span> <span class='ocrx_word' id='word_1_475' title='bbox 1267 862 1312 913; x_wconf 86' lang='lat' dir='ltr'><strong>per</strong></span> <span class='ocrx_word' id='word_1_476' title='bbox 1329 848 1463 914; x_wconf 88' lang='lat' dir='ltr'><strong>primarios</strong></span> <span class='ocrx_word' id='word_1_477' title='bbox 1476 848 1599 912; x_wconf 86' lang='lat' dir='ltr'><strong>equestris</strong></span> <span class='ocrx_word' id='word_1_478' title='bbox 1612 849 1705 900; x_wconf 82' lang='lat' dir='ltr'><strong>ordinis</strong></span> <span class='ocrx_word' id='word_1_479' title='bbox 1718 853 1785 902; x_wconf 78' lang='lat' dir='ltr'><strong>uiros</strong></span> 
     </span>
     <span class='ocr_line' id='line_1_62' title="bbox 1003 947 1785 1012; baseline 0.003 -12"><span class='ocrx_word' id='word_1_480' title='bbox 1003 948 1087 1000; x_wconf 87' lang='lat' dir='ltr'><strong>idibus</strong></span> <span class='ocrx_word' id='word_1_481' title='bbox 1096 948 1249 1007; x_wconf 81' lang='lat' dir='ltr'><strong>Quintilibus</strong></span> <span class='ocrx_word' id='word_1_482' title='bbox 1262 947 1366 1012; x_wconf 75' lang='lat' dir='ltr'><strong>peragit,</strong></span> <span class='ocrx_word' id='word_1_483' title='bbox 1378 961 1428 1012; x_wconf 90' lang='lat' dir='ltr'><strong>quo</strong></span> <span class='ocrx_word' id='word_1_484' title='bbox 1447 948 1488 998; x_wconf 90' lang='lat' dir='ltr'><strong>die</strong></span> <span class='ocrx_word' id='word_1_485' title='bbox 1501 948 1549 998; x_wconf 90' lang='lat' dir='ltr'><strong>boc</strong></span> <span class='ocrx_word' id='word_1_486' title='bbox 1566 947 1659 999; x_wconf 89' lang='lat' dir='ltr'><strong>beilum</strong></span> <span class='ocrx_word' id='word_1_487' title='bbox 1682 950 1785 1002; x_wconf 80' lang='lat' dir='ltr'><strong>feliciter</strong></span> 
     </span>
     <span class='ocr_line' id='line_1_63' title="bbox 1004 1046 1785 1114; baseline 0.003 -15"><span class='ocrx_word' id='word_1_488' title='bbox 1004 1051 1044 1099; x_wconf 88' lang='lat' dir='ltr'><strong>ast</strong></span> <span class='ocrx_word' id='word_1_489' title='bbox 1061 1047 1211 1099; x_wconf 86' lang='lat' dir='ltr'><strong>contectum.</strong></span> <span class='ocrx_word' id='word_1_490' title='bbox 1244 1047 1291 1097; x_wconf 83' lang='lat' dir='ltr'><strong>Sed</strong></span> <span class='ocrx_word' id='word_1_491' title='bbox 1313 1050 1404 1110; x_wconf 77' lang='lat' dir='ltr'><strong>prator</strong></span> <span class='ocrx_word' id='word_1_492' title='bbox 1421 1046 1476 1097; x_wconf 74' lang='lat' dir='ltr'><strong>baec</strong></span> <span class='ocrx_word' id='word_1_493' title='bbox 1505 1046 1587 1097; x_wconf 85' lang='lat' dir='ltr'><strong>omnia</strong></span> <span class='ocrx_word' id='word_1_494' title='bbox 1602 1061 1709 1112; x_wconf 93' lang='lat' dir='ltr'><strong>pompa,</strong></span> <span class='ocrx_word' id='word_1_495' title='bbox 1727 1064 1785 1114; x_wconf 80' lang='lat' dir='ltr'><strong>qua</strong></span> 
     </span>
     <span class='ocr_line' id='line_1_64' title="bbox 1003 1143 1783 1210; baseline 0.004 -15"><span class='ocrx_word' id='word_1_496' title='bbox 1003 1148 1104 1210; x_wconf 80' lang='lat' dir='ltr'><strong>paracio</strong></span> <span class='ocrx_word' id='word_1_497' title='bbox 1117 1143 1238 1195; x_wconf 78' lang='lat' dir='ltr'><strong>sacrificio</strong></span> <span class='ocrx_word' id='word_1_498' title='bbox 1263 1143 1363 1195; x_wconf 89' lang='lat' dir='ltr'><strong>ducitur</strong></span> <span class='ocrx_word' id='word_1_499' title='bbox 1381 1143 1413 1193; x_wconf 91' lang='lat' dir='ltr'><strong>ab</strong></span> <span class='ocrx_word' id='word_1_500' title='bbox 1433 1143 1463 1193; x_wconf 87' lang='lat' dir='ltr'><strong>iis</strong></span> <span class='ocrx_word' id='word_1_501' title='bbox 1482 1143 1527 1206; x_wconf 91' lang='lat' dir='ltr'><strong>qui</strong></span> <span class='ocrx_word' id='word_1_502' title='bbox 1552 1157 1644 1208; x_wconf 92' lang='lat' dir='ltr'><strong>equum</strong></span> <span class='ocrx_word' id='word_1_503' title='bbox 1659 1145 1783 1210; x_wconf 85' lang='lat' dir='ltr'><strong>publicum</strong></span> 
     </span>
     <span class='ocr_line' id='line_1_65' title="bbox 1003 1240 1783 1307; baseline 0.004 -15"><span class='ocrx_word' id='word_1_504' title='bbox 1003 1241 1105 1304; x_wconf 85' lang='lat' dir='ltr'><strong>babent,</strong></span> <span class='ocrx_word' id='word_1_505' title='bbox 1132 1242 1184 1305; x_wconf 93' lang='lat' dir='ltr'><strong>qui,</strong></span> <span class='ocrx_word' id='word_1_506' title='bbox 1212 1240 1326 1292; x_wconf 87' lang='lat' dir='ltr'><strong>tributim</strong></span> <span class='ocrx_word' id='word_1_507' title='bbox 1353 1246 1379 1291; x_wconf 89' lang='lat' dir='ltr'><strong>ct</strong></span> <span class='ocrx_word' id='word_1_508' title='bbox 1401 1240 1564 1292; x_wconf 72' lang='lat' dir='ltr'><strong>centuriatim</strong></span> <span class='ocrx_word' id='word_1_509' title='bbox 1585 1241 1674 1307; x_wconf 82' lang='lat' dir='ltr'><strong>dirisi,</strong></span> <span class='ocrx_word' id='word_1_510' title='bbox 1695 1243 1783 1295; x_wconf 89' lang='lat' dir='ltr'><strong>ordine</strong></span> 
     </span>
     <span class='ocr_line' id='line_1_66' title="bbox 1003 1340 1783 1405; baseline 0.004 -13"><span class='ocrx_word' id='word_1_511' title='bbox 1003 1355 1089 1392; x_wconf 87' lang='lat' dir='ltr'><strong>omncs</strong></span> <span class='ocrx_word' id='word_1_512' title='bbox 1100 1340 1170 1405; x_wconf 86' lang='lat' dir='ltr'><strong>cquis</strong></span> <span class='ocrx_word' id='word_1_513' title='bbox 1184 1340 1319 1401; x_wconf 87' lang='lat' dir='ltr'><strong>vehuntur,</strong></span> <span class='ocrx_word' id='word_1_514' title='bbox 1334 1340 1407 1404; x_wconf 84' lang='lat' dir='ltr'><strong>quasi</strong></span> <span class='ocrx_word' id='word_1_515' title='bbox 1420 1351 1435 1389; x_wconf 94' lang='lat' dir='ltr'><strong>e</strong></span> <span class='ocrx_word' id='word_1_516' title='bbox 1447 1353 1529 1404; x_wconf 77' lang='lat' dir='ltr'><strong>pugna</strong></span> <span class='ocrx_word' id='word_1_517' title='bbox 1544 1340 1655 1402; x_wconf 89' lang='lat' dir='ltr'><strong>redeant,</strong></span> <span class='ocrx_word' id='word_1_518' title='bbox 1672 1344 1783 1395; x_wconf 89' lang='lat' dir='ltr'><strong>coronati</strong></span> 
     </span>
     <span class='ocr_line' id='line_1_67' title="bbox 1003 1436 1782 1502; baseline 0.005 -13"><span class='ocrx_word' id='word_1_519' title='bbox 1003 1436 1091 1489; x_wconf 82' lang='lat' dir='ltr'><strong>froude</strong></span> <span class='ocrx_word' id='word_1_520' title='bbox 1106 1438 1227 1502; x_wconf 75' lang='lat' dir='ltr'><strong>oleagina,</strong></span> <span class='ocrx_word' id='word_1_521' title='bbox 1238 1441 1264 1488; x_wconf 89' lang='lat' dir='ltr'><strong>et</strong></span> <span class='ocrx_word' id='word_1_522' title='bbox 1276 1436 1342 1501; x_wconf 76' lang='lat' dir='ltr'><strong>togis</strong></span> <span class='ocrx_word' id='word_1_523' title='bbox 1355 1437 1486 1501; x_wconf 80' lang='lat' dir='ltr'><strong>purpureis</strong></span> <span class='ocrx_word' id='word_1_524' title='bbox 1509 1451 1585 1488; x_wconf 91' lang='lat' dir='ltr'><strong>cocco</strong></span> <span class='ocrx_word' id='word_1_525' title='bbox 1599 1441 1725 1502; x_wconf 82' lang='lat' dir='ltr'><strong>praetextis</strong></span> <span class='ocrx_word' id='word_1_526' title='bbox 1742 1443 1782 1492; x_wconf 89' lang='lat' dir='ltr'><strong>in·</strong></span> 
     </span>
     <span class='ocr_line' id='line_1_68' title="bbox 1003 1533 1783 1601; baseline 0.005 -14"><span class='ocrx_word' id='word_1_527' title='bbox 1003 1535 1067 1594; x_wconf 90' lang='lat' dir='ltr'><strong>duti,</strong></span> <span class='ocrx_word' id='word_1_528' title='bbox 1081 1549 1144 1601; x_wconf 88' lang='lat' dir='ltr'><strong>quas</strong></span> <span class='ocrx_word' id='word_1_529' title='bbox 1156 1534 1279 1600; x_wconf 84' lang='lat' dir='ltr'><strong>appellant</strong></span> <span class='ocrx_word' id='word_1_530' title='bbox 1290 1533 1400 1594; x_wconf 85' lang='lat' dir='ltr'><strong>trabeas,</strong></span> <span class='ocrx_word' id='word_1_531' title='bbox 1412 1534 1509 1584; x_wconf 89' lang='lat' dir='ltr'><strong>initium</strong></span> <span class='ocrx_word' id='word_1_532' title='bbox 1523 1549 1619 1600; x_wconf 70' lang='lat' dir='ltr'><strong>pompa</strong></span> <span class='ocrx_word' id='word_1_533' title='bbox 1636 1537 1756 1590; x_wconf 84' lang='lat' dir='ltr'><strong>iacientes</strong></span> <span class='ocrx_word' id='word_1_534' title='bbox 1768 1554 1783 1591; x_wconf 89' lang='lat' dir='ltr'><strong>a</strong></span> 
     </span>
     <span class='ocr_line' id='line_1_69' title="bbox 1003 1631 1783 1697; baseline 0.003 -14"><span class='ocrx_word' id='word_1_535' title='bbox 1003 1634 1111 1697; x_wconf 92' lang='lat' dir='ltr'><strong>quodam</strong></span> <span class='ocrx_word' id='word_1_536' title='bbox 1133 1632 1224 1697; x_wconf 87' lang='lat' dir='ltr'><strong>templo</strong></span> <span class='ocrx_word' id='word_1_537' title='bbox 1244 1631 1330 1682; x_wconf 83' lang='lat' dir='ltr'><strong>Martis</strong></span> <span class='ocrx_word' id='word_1_538' title='bbox 1345 1633 1416 1682; x_wconf 85' lang='lat' dir='ltr'><strong>extra</strong></span> <span class='ocrx_word' id='word_1_539' title='bbox 1428 1631 1515 1683; x_wconf 87' lang='lat' dir='ltr'><strong>urbem</strong></span> <span class='ocrx_word' id='word_1_540' title='bbox 1527 1636 1668 1696; x_wconf 81' lang='lat' dir='ltr'><strong>exstructo,</strong></span> <span class='ocrx_word' id='word_1_541' title='bbox 1681 1639 1706 1684; x_wconf 90' lang='lat' dir='ltr'><strong>et</strong></span> <span class='ocrx_word' id='word_1_542' title='bbox 1725 1649 1783 1686; x_wconf 90' lang='lat' dir='ltr'><strong>cum</strong></span> 
     </span>
     <span class='ocr_line' id='line_1_70' title="bbox 1005 1726 1781 1792; baseline 0.009 -15"><span class='ocrx_word' id='word_1_543' title='bbox 1005 1741 1048 1789; x_wconf 82' lang='lat' dir='ltr'><strong>per</strong></span> <span class='ocrx_word' id='word_1_544' title='bbox 1060 1731 1154 1779; x_wconf 90' lang='lat' dir='ltr'><strong>ceteras</strong></span> <span class='ocrx_word' id='word_1_545' title='bbox 1168 1726 1236 1778; x_wconf 90' lang='lat' dir='ltr'><strong>urbis</strong></span> <span class='ocrx_word' id='word_1_546' title='bbox 1248 1730 1331 1791; x_wconf 90' lang='lat' dir='ltr'><strong>partes</strong></span> <span class='ocrx_word' id='word_1_547' title='bbox 1349 1731 1520 1792; x_wconf 70' lang='lat' dir='ltr'><strong>transeuntes,</strong></span> <span class='ocrx_word' id='word_1_548' title='bbox 1531 1734 1585 1780; x_wconf 89' lang='lat' dir='ltr'><strong>tum</strong></span> <span class='ocrx_word' id='word_1_549' title='bbox 1595 1731 1620 1781; x_wconf 91' lang='lat' dir='ltr'><strong>in</strong></span> <span class='ocrx_word' id='word_1_550' title='bbox 1634 1732 1679 1783; x_wconf 86' lang='lat' dir='ltr'><strong>lon</strong></span> <span class='ocrx_word' id='word_1_551' title='bbox 1696 1733 1781 1784; x_wconf 80' lang='lat' dir='ltr'><strong>&#39;adem</strong></span> 
     </span>
     <span class='ocr_line' id='line_1_71' title="bbox 1006 1825 1783 1891; baseline 0.008 -14"><span class='ocrx_word' id='word_1_552' title='bbox 1006 1826 1116 1877; x_wconf 88' lang='lat' dir='ltr'><strong>Castoris</strong></span> <span class='ocrx_word' id='word_1_553' title='bbox 1135 1830 1161 1877; x_wconf 88' lang='lat' dir='ltr'><strong>et</strong></span> <span class='ocrx_word' id='word_1_554' title='bbox 1186 1825 1294 1876; x_wconf 83' lang='lat' dir='ltr'><strong>Pollucis</strong></span> <span class='ocrx_word' id='word_1_555' title='bbox 1318 1830 1515 1891; x_wconf 79' lang='lat' dir='ltr'><strong>praetereuutas,</strong></span> <span class='ocrx_word' id='word_1_556' title='bbox 1531 1829 1657 1881; x_wconf 87' lang='lat' dir='ltr'><strong>interdum</strong></span> <span class='ocrx_word' id='word_1_557' title='bbox 1681 1846 1783 1884; x_wconf 92' lang='lat' dir='ltr'><strong>numero</strong></span> 
     </span>
     <span class='ocr_line' id='line_1_72' title="bbox 1004 1922 1783 1993; baseline 0.006 -18"><span class='ocrx_word' id='word_1_558' title='bbox 1004 1926 1135 1990; x_wconf 84' lang='lat' dir='ltr'><strong>quinquies</strong></span> <span class='ocrx_word' id='word_1_559' title='bbox 1151 1922 1352 1986; x_wconf 86' lang='lat' dir='ltr'><strong>millehornines,</strong></span> <span class='ocrx_word' id='word_1_560' title='bbox 1364 1926 1407 1988; x_wconf 92' lang='lat' dir='ltr'><strong>qui</strong></span> <span class='ocrx_word' id='word_1_561' title='bbox 1422 1926 1504 1976; x_wconf 87' lang='lat' dir='ltr'><strong>terunt</strong></span> <span class='ocrx_word' id='word_1_562' title='bbox 1516 1941 1673 1993; x_wconf 79' lang='lat' dir='ltr'><strong>quacunque</strong></span> <span class='ocrx_word' id='word_1_563' title='bbox 1684 1930 1783 1980; x_wconf 86' lang='lat' dir='ltr'><strong>tortitu-</strong></span> 
     </span>
     <span class='ocr_line' id='line_1_73' title="bbox 1005 2020 1782 2090; baseline 0.006 -18"><span class='ocrx_word' id='word_1_564' title='bbox 1005 2021 1071 2072; x_wconf 90' lang='lat' dir='ltr'><strong>dinis</strong></span> <span class='ocrx_word' id='word_1_565' title='bbox 1091 2033 1143 2071; x_wconf 78' lang='lat' dir='ltr'><strong>sum</strong></span> <span class='ocrx_word' id='word_1_566' title='bbox 1169 2020 1270 2083; x_wconf 76' lang='lat' dir='ltr'><strong>pramis</strong></span> <span class='ocrx_word' id='word_1_567' title='bbox 1285 2020 1310 2070; x_wconf 91' lang='lat' dir='ltr'><strong>in</strong></span> <span class='ocrx_word' id='word_1_568' title='bbox 1333 2020 1433 2084; x_wconf 87' lang='lat' dir='ltr'><strong>proeliis</strong></span> <span class='ocrx_word' id='word_1_569' title='bbox 1456 2035 1472 2073; x_wconf 86' lang='lat' dir='ltr'><strong>a</strong></span> <span class='ocrx_word' id='word_1_570' title='bbox 1495 2022 1602 2075; x_wconf 83' lang='lat' dir='ltr'><strong>ducibus</strong></span> <span class='ocrx_word' id='word_1_571' title='bbox 1619 2031 1782 2090; x_wconf 89' lang='lat' dir='ltr'><strong>acceperunt;</strong></span> 
     </span>
     <span class='ocr_line' id='line_1_74' title="bbox 1004 2117 1782 2186; baseline 0.01 -19"><span class='ocrx_word' id='word_1_572' title='bbox 1004 2118 1128 2184; x_wconf 76' lang='lat' dir='ltr'><strong>egregium</strong></span> <span class='ocrx_word' id='word_1_573' title='bbox 1149 2121 1216 2168; x_wconf 87' lang='lat' dir='ltr'><strong>certa</strong></span> <span class='ocrx_word' id='word_1_574' title='bbox 1242 2122 1269 2168; x_wconf 86' lang='lat' dir='ltr'><strong>et</strong></span> <span class='ocrx_word' id='word_1_575' title='bbox 1287 2117 1391 2180; x_wconf 80' lang='lat' dir='ltr'><strong>dignum</strong></span> <span class='ocrx_word' id='word_1_576' title='bbox 1418 2120 1487 2170; x_wconf 92' lang='lat' dir='ltr'><strong>iliius</strong></span> <span class='ocrx_word' id='word_1_577' title='bbox 1504 2120 1600 2184; x_wconf 87' lang='lat' dir='ltr'><strong>imperii</strong></span> <span class='ocrx_word' id='word_1_578' title='bbox 1621 2122 1782 2186; x_wconf 84' lang='lat' dir='ltr'><strong>amplitudine</strong></span> 
     </span>
     <span class='ocr_line' id='line_1_75' title="bbox 1004 2218 1782 2283; baseline 0.005 -16"><span class='ocrx_word' id='word_1_579' title='bbox 1004 2218 1181 2283; x_wconf 78' lang='lat' dir='ltr'><strong>spectaculum.</strong></span> <span class='ocrx_word' id='word_1_580' title='bbox 1215 2218 1296 2281; x_wconf 77' lang='lat' dir='ltr'><strong>Atque</strong></span> <span class='ocrx_word' id='word_1_581' title='bbox 1318 2218 1373 2268; x_wconf 88' lang='lat' dir='ltr'><strong>iuec</strong></span> <span class='ocrx_word' id='word_1_582' title='bbox 1388 2221 1458 2280; x_wconf 88' lang='lat' dir='ltr'><strong>suut,</strong></span> <span class='ocrx_word' id='word_1_583' title='bbox 1482 2232 1539 2281; x_wconf 75' lang='lat' dir='ltr'><strong>qua</strong></span> <span class='ocrx_word' id='word_1_584' title='bbox 1564 2219 1597 2269; x_wconf 92' lang='lat' dir='ltr'><strong>ob</strong></span> <span class='ocrx_word' id='word_1_585' title='bbox 1623 2220 1732 2271; x_wconf 72' lang='lat' dir='ltr'><strong>Castoris</strong></span> <span class='ocrx_word' id='word_1_586' title='bbox 1756 2227 1782 2272; x_wconf 91' lang='lat' dir='ltr'><strong>et</strong></span> 
     </span>
     <span class='ocr_line' id='line_1_76' title="bbox 1005 2314 1782 2380; baseline 0.005 -14"><span class='ocrx_word' id='word_1_587' title='bbox 1005 2315 1109 2367; x_wconf 85' lang='lat' dir='ltr'><strong>Pollucis</strong></span> <span class='ocrx_word' id='word_1_588' title='bbox 1124 2315 1283 2380; x_wconf 67' lang='lat' dir='ltr'><strong>praesentiam</strong></span> <span class='ocrx_word' id='word_1_589' title='bbox 1301 2314 1349 2365; x_wconf 90' lang='lat' dir='ltr'><strong>iilis</strong></span> <span class='ocrx_word' id='word_1_590' title='bbox 1366 2316 1518 2380; x_wconf 86' lang='lat' dir='ltr'><strong>temporibus</strong></span> <span class='ocrx_word' id='word_1_591' title='bbox 1533 2316 1622 2368; x_wconf 83' lang='lat' dir='ltr'><strong>iactans</strong></span> <span class='ocrx_word' id='word_1_592' title='bbox 1636 2332 1652 2368; x_wconf 88' lang='lat' dir='ltr'><strong>a</strong></span> <span class='ocrx_word' id='word_1_593' title='bbox 1666 2322 1782 2371; x_wconf 80' lang='lat' dir='ltr'><strong>Romanis</strong></span> 
     </span>
     <span class='ocr_line' id='line_1_77' title="bbox 1004 2411 1783 2479; baseline 0.006 -16"><span class='ocrx_word' id='word_1_594' title='bbox 1004 2411 1053 2463; x_wconf 86' lang='lat' dir='ltr'><strong>dici</strong></span> <span class='ocrx_word' id='word_1_595' title='bbox 1066 2417 1091 2463; x_wconf 88' lang='lat' dir='ltr'><strong>et</strong></span> <span class='ocrx_word' id='word_1_596' title='bbox 1104 2412 1158 2463; x_wconf 75' lang='lat' dir='ltr'><strong>iteri</strong></span> <span class='ocrx_word' id='word_1_597' title='bbox 1170 2411 1301 2462; x_wconf 82' lang='lat' dir='ltr'><strong>observari</strong></span> <span class='ocrx_word' id='word_1_598' title='bbox 1315 2429 1321 2461; x_wconf 77' lang='grc' dir='ltr'>ι</span> <span class='ocrx_word' id='word_1_599' title='bbox 1341 2413 1433 2475; x_wconf 88' lang='lat' dir='ltr'><strong>quibus</strong></span> <span class='ocrx_word' id='word_1_600' title='bbox 1442 2427 1474 2464; x_wconf 83' lang='lat' dir='ltr'><strong>ex</strong></span> <span class='ocrx_word' id='word_1_601' title='bbox 1490 2413 1573 2475; x_wconf 86' lang='lat' dir='ltr'><strong>rebus,</strong></span> <span class='ocrx_word' id='word_1_602' title='bbox 1587 2418 1677 2479; x_wconf 83' lang='lat' dir='ltr'><strong>praeter</strong></span> <span class='ocrx_word' id='word_1_603' title='bbox 1690 2417 1783 2469; x_wconf 88' lang='lat' dir='ltr'><strong>multas</strong></span> 
     </span>
     <span class='ocr_line' id='line_1_78' title="bbox 1004 2509 1784 2575; baseline 0.006 -16"><span class='ocrx_word' id='word_1_604' title='bbox 1004 2509 1065 2560; x_wconf 87' lang='lat' dir='ltr'><strong>alias</strong></span> <span class='ocrx_word' id='word_1_605' title='bbox 1074 2523 1164 2575; x_wconf 82' lang='lat' dir='ltr'><strong>easque</strong></span> <span class='ocrx_word' id='word_1_606' title='bbox 1182 2521 1282 2573; x_wconf 80' lang='lat' dir='ltr'><strong>magnas</strong></span> <span class='ocrx_word' id='word_1_607' title='bbox 1296 2509 1417 2572; x_wconf 81' lang='lat' dir='ltr'><strong>conjicere</strong></span> <span class='ocrx_word' id='word_1_608' title='bbox 1425 2509 1494 2571; x_wconf 88' lang='lat' dir='ltr'><strong>licet,</strong></span> <span class='ocrx_word' id='word_1_609' title='bbox 1506 2524 1580 2573; x_wconf 89' lang='lat' dir='ltr'><strong>quam</strong></span> <span class='ocrx_word' id='word_1_610' title='bbox 1597 2511 1648 2562; x_wconf 85' lang='lat' dir='ltr'><strong>cari</strong></span> <span class='ocrx_word' id='word_1_611' title='bbox 1661 2512 1707 2563; x_wconf 88' lang='lat' dir='ltr'><strong>diis</strong></span> <span class='ocrx_word' id='word_1_612' title='bbox 1717 2513 1784 2565; x_wconf 86' lang='lat' dir='ltr'><strong>illius</strong></span> 
     </span>
     <span class='ocr_line' id='line_1_79' title="bbox 1004 2606 1315 2658; baseline -0.006 -1"><span class='ocrx_word' id='word_1_613' title='bbox 1004 2607 1081 2658; x_wconf 90' lang='lat' dir='ltr'><strong>seculi</strong></span> <span class='ocrx_word' id='word_1_614' title='bbox 1092 2606 1202 2657; x_wconf 76' lang='lat' dir='ltr'><strong>homines</strong></span> <span class='ocrx_word' id='word_1_615' title='bbox 1214 2606 1315 2656; x_wconf 86' lang='lat' dir='ltr'><strong>tuerint.</strong></span> 
     </span>
    </p>

    <p class='ocr_par' dir='ltr' id='par_1_7' title="bbox 1000 2695 1781 4156">
     <span class='ocr_line' id='line_1_80' title="bbox 1037 2695 1781 2763; baseline 0.008 -18"><span class='ocrx_word' id='word_1_616' title='bbox 1037 2699 1101 2746; x_wconf 81' lang='lat' dir='ltr'><strong>xlv.</strong></span> <span class='ocrx_word' id='word_1_617' title='bbox 1112 2695 1253 2746; x_wconf 86' lang='lat' dir='ltr'><strong>Postumius</strong></span> <span class='ocrx_word' id='word_1_618' title='bbox 1261 2701 1404 2745; x_wconf 86' lang='lat' dir='ltr'><strong>autemeam</strong></span> <span class='ocrx_word' id='word_1_619' title='bbox 1412 2700 1512 2746; x_wconf 90' lang='lat' dir='ltr'><strong>noctem</strong></span> <span class='ocrx_word' id='word_1_620' title='bbox 1521 2697 1642 2762; x_wconf 72' lang='lat' dir='ltr'><strong>transegit</strong></span> <span class='ocrx_word' id='word_1_621' title='bbox 1651 2699 1677 2749; x_wconf 91' lang='lat' dir='ltr'><strong>in</strong></span> <span class='ocrx_word' id='word_1_622' title='bbox 1685 2702 1781 2763; x_wconf 87' lang='lat' dir='ltr'><strong>castris,</strong></span> 
     </span>
     <span class='ocr_line' id='line_1_81' title="bbox 1003 2787 1781 2853; baseline 0.009 -17"><span class='ocrx_word' id='word_1_623' title='bbox 1003 2801 1061 2851; x_wconf 79' lang='lat' dir='ltr'><strong>qua</strong></span> <span class='ocrx_word' id='word_1_624' title='bbox 1074 2791 1098 2837; x_wconf 90' lang='lat' dir='ltr'><strong>in</strong></span> <span class='ocrx_word' id='word_1_625' title='bbox 1111 2788 1210 2851; x_wconf 78' lang='lat' dir='ltr'><strong>planitie</strong></span> <span class='ocrx_word' id='word_1_626' title='bbox 1223 2787 1306 2852; x_wconf 91' lang='lat' dir='ltr'><strong>posuit</strong></span> <span class='ocrx_word' id='word_1_627' title='bbox 1319 2809 1325 2837; x_wconf 74' lang='grc' dir='ltr'>ι</span> <span class='ocrx_word' id='word_1_628' title='bbox 1340 2793 1441 2853; x_wconf 86' lang='lat' dir='ltr'><strong>postero</strong></span> <span class='ocrx_word' id='word_1_629' title='bbox 1458 2802 1518 2839; x_wconf 84' lang='lat' dir='ltr'><strong>uero</strong></span> <span class='ocrx_word' id='word_1_630' title='bbox 1531 2789 1574 2840; x_wconf 87' lang='lat' dir='ltr'><strong>die</strong></span> <span class='ocrx_word' id='word_1_631' title='bbox 1593 2793 1721 2842; x_wconf 89' lang='lat' dir='ltr'><strong>coronatis</strong></span> <span class='ocrx_word' id='word_1_632' title='bbox 1741 2793 1781 2853; x_wconf 88' lang='lat' dir='ltr'><strong>iis,</strong></span> 
     </span>
     <span class='ocr_line' id='line_1_82' title="bbox 1004 2880 1780 2949; baseline 0.006 -20"><span class='ocrx_word' id='word_1_633' title='bbox 1004 2882 1048 2944; x_wconf 91' lang='lat' dir='ltr'><strong>qui</strong></span> <span class='ocrx_word' id='word_1_634' title='bbox 1066 2881 1092 2930; x_wconf 79' lang='lat' dir='ltr'><strong>ln</strong></span> <span class='ocrx_word' id='word_1_635' title='bbox 1107 2880 1192 2945; x_wconf 81' lang='lat' dir='ltr'><strong>prulio</strong></span> <span class='ocrx_word' id='word_1_636' title='bbox 1208 2880 1307 2930; x_wconf 76' lang='lat' dir='ltr'><strong>fortiter</strong></span> <span class='ocrx_word' id='word_1_637' title='bbox 1326 2885 1513 2945; x_wconf 81' lang='lat' dir='ltr'><strong>sogesserunt,</strong></span> <span class='ocrx_word' id='word_1_638' title='bbox 1530 2886 1559 2932; x_wconf 91' lang='lat' dir='ltr'><strong>et·</strong></span> <span class='ocrx_word' id='word_1_639' title='bbox 1570 2881 1706 2934; x_wconf 84' lang='lat' dir='ltr'><strong>distributis</strong></span> <span class='ocrx_word' id='word_1_640' title='bbox 1721 2898 1780 2949; x_wconf 87' lang='lat' dir='ltr'><strong>cap-</strong></span> 
     </span>
     <span class='ocr_line' id='line_1_83' title="bbox 1004 2972 1779 3038; baseline -0.003 -15"><span class='ocrx_word' id='word_1_641' title='bbox 1004 2972 1071 3032; x_wconf 83' lang='lat' dir='ltr'><strong>tivis,</strong></span> <span class='ocrx_word' id='word_1_642' title='bbox 1097 2976 1125 3022; x_wconf 92' lang='lat' dir='ltr'><strong>ut</strong></span> <span class='ocrx_word' id='word_1_643' title='bbox 1145 2974 1342 3034; x_wconf 83' lang='lat' dir='ltr'><strong>asservarentur,</strong></span> <span class='ocrx_word' id='word_1_644' title='bbox 1365 2987 1437 3023; x_wconf 88' lang='lat' dir='ltr'><strong>sacra</strong></span> <span class='ocrx_word' id='word_1_645' title='bbox 1457 2974 1506 3024; x_wconf 92' lang='lat' dir='ltr'><strong>diis</strong></span> <span class='ocrx_word' id='word_1_646' title='bbox 1530 2987 1574 3038; x_wconf 89' lang='lat' dir='ltr'><strong>pro</strong></span> <span class='ocrx_word' id='word_1_647' title='bbox 1601 2974 1701 3025; x_wconf 88' lang='lat' dir='ltr'><strong>uictoria</strong></span> <span class='ocrx_word' id='word_1_648' title='bbox 1719 2981 1779 3026; x_wconf 83' lang='lat' dir='ltr'><strong>rota</strong></span> 
     </span>
     <span class='ocr_line' id='line_1_84' title="bbox 1003 3065 1781 3130; baseline 0.008 -16"><span class='ocrx_word' id='word_1_649' title='bbox 1003 3065 1128 3130; x_wconf 84' lang='lat' dir='ltr'><strong>persolvit.</strong></span> <span class='ocrx_word' id='word_1_650' title='bbox 1164 3068 1228 3113; x_wconf 87' lang='lat' dir='ltr'><strong>Dum</strong></span> <span class='ocrx_word' id='word_1_651' title='bbox 1249 3069 1334 3115; x_wconf 87' lang='lat' dir='ltr'><strong>autem</strong></span> <span class='ocrx_word' id='word_1_652' title='bbox 1348 3067 1430 3117; x_wconf 88' lang='lat' dir='ltr'><strong>adbuc</strong></span> <span class='ocrx_word' id='word_1_653' title='bbox 1447 3072 1512 3118; x_wconf 90' lang='lat' dir='ltr'><strong>esset</strong></span> <span class='ocrx_word' id='word_1_654' title='bbox 1532 3073 1672 3129; x_wconf 87' lang='lat' dir='ltr'><strong>coronatus,</strong></span> <span class='ocrx_word' id='word_1_655' title='bbox 1687 3071 1712 3119; x_wconf 90' lang='lat' dir='ltr'><strong>et</strong></span> <span class='ocrx_word' id='word_1_656' title='bbox 1731 3071 1781 3121; x_wconf 87' lang='lat' dir='ltr'><strong>aris</strong></span> 
     </span>
     <span class='ocr_line' id='line_1_85' title="bbox 1003 3158 1779 3227; baseline 0.008 -19"><span class='ocrx_word' id='word_1_657' title='bbox 1003 3158 1124 3222; x_wconf 85' lang='lat' dir='ltr'><strong>primitias</strong></span> <span class='ocrx_word' id='word_1_658' title='bbox 1142 3159 1195 3221; x_wconf 82' lang='lat' dir='ltr'><strong>igne</strong></span> <span class='ocrx_word' id='word_1_659' title='bbox 1206 3160 1351 3208; x_wconf 84' lang='lat' dir='ltr'><strong>cremandas</strong></span> <span class='ocrx_word' id='word_1_660' title='bbox 1372 3161 1518 3223; x_wconf 89' lang='lat' dir='ltr'><strong>imponeret,</strong></span> <span class='ocrx_word' id='word_1_661' title='bbox 1531 3163 1701 3226; x_wconf 82' lang='lat' dir='ltr'><strong>exploratores</strong></span> <span class='ocrx_word' id='word_1_662' title='bbox 1719 3164 1779 3227; x_wconf 90' lang='lat' dir='ltr'><strong>qui·</strong></span> 
     </span>
     <span class='ocr_line' id='line_1_86' title="bbox 1003 3250 1780 3314; baseline 0.01 -14"><span class='ocrx_word' id='word_1_663' title='bbox 1003 3251 1070 3311; x_wconf 89' lang='lat' dir='ltr'><strong>dam,</strong></span> <span class='ocrx_word' id='word_1_664' title='bbox 1083 3250 1270 3300; x_wconf 69' lang='lat' dir='ltr'><strong>eruditioribus</strong></span> <span class='ocrx_word' id='word_1_665' title='bbox 1285 3251 1346 3302; x_wconf 90' lang='lat' dir='ltr'><strong>locis</strong></span> <span class='ocrx_word' id='word_1_666' title='bbox 1356 3253 1527 3314; x_wconf 85' lang='lat' dir='ltr'><strong>decurrentes,</strong></span> <span class='ocrx_word' id='word_1_667' title='bbox 1539 3258 1653 3306; x_wconf 86' lang='lat' dir='ltr'><strong>nuntiant</strong></span> <span class='ocrx_word' id='word_1_668' title='bbox 1663 3256 1780 3307; x_wconf 87' lang='lat' dir='ltr'><strong>hostilem</strong></span> 
     </span>
     <span class='ocr_line' id='line_1_87' title="bbox 1003 3344 1779 3400; baseline 0.006 -5"><span class='ocrx_word' id='word_1_669' title='bbox 1003 3344 1140 3395; x_wconf 89' lang='lat' dir='ltr'><strong>exercitum</strong></span> <span class='ocrx_word' id='word_1_670' title='bbox 1158 3349 1243 3394; x_wconf 85' lang='lat' dir='ltr'><strong>contra</strong></span> <span class='ocrx_word' id='word_1_671' title='bbox 1264 3359 1291 3395; x_wconf 92' lang='lat' dir='ltr'><strong>se</strong></span> <span class='ocrx_word' id='word_1_672' title='bbox 1314 3346 1405 3395; x_wconf 73' lang='lat' dir='ltr'><strong>seruire.</strong></span> <span class='ocrx_word' id='word_1_673' title='bbox 1440 3350 1499 3398; x_wconf 85' lang='lat' dir='ltr'><strong>Erat</strong></span> <span class='ocrx_word' id='word_1_674' title='bbox 1522 3352 1607 3400; x_wconf 88' lang='lat' dir='ltr'><strong>autam</strong></span> <span class='ocrx_word' id='word_1_675' title='bbox 1634 3352 1779 3400; x_wconf 80' lang='lat' dir='ltr'><strong>volscorum</strong></span> 
     </span>
     <span class='ocr_line' id='line_1_88' title="bbox 1002 3438 1780 3505; baseline 0.006 -17"><span class='ocrx_word' id='word_1_676' title='bbox 1002 3438 1120 3489; x_wconf 83' lang='lat' dir='ltr'><strong>iuventus</strong></span> <span class='ocrx_word' id='word_1_677' title='bbox 1137 3439 1243 3499; x_wconf 86' lang='lat' dir='ltr'><strong>deiecta,</strong></span> <span class='ocrx_word' id='word_1_678' title='bbox 1258 3452 1314 3501; x_wconf 81' lang='lat' dir='ltr'><strong>quas</strong></span> <span class='ocrx_word' id='word_1_679' title='bbox 1329 3440 1422 3490; x_wconf 78' lang='lat' dir='ltr'><strong>Laduis</strong></span> <span class='ocrx_word' id='word_1_680' title='bbox 1432 3442 1525 3492; x_wconf 82' lang='lat' dir='ltr'><strong>auxilio</strong></span> <span class='ocrx_word' id='word_1_681' title='bbox 1537 3444 1615 3494; x_wconf 90' lang='lat' dir='ltr'><strong>missa</strong></span> <span class='ocrx_word' id='word_1_682' title='bbox 1634 3445 1722 3505; x_wconf 88' lang='lat' dir='ltr'><strong>iuerat,</strong></span> <span class='ocrx_word' id='word_1_683' title='bbox 1739 3459 1780 3493; x_wconf 91' lang='lat' dir='ltr'><strong>an·</strong></span> 
     </span>
     <span class='ocr_line' id='line_1_89' title="bbox 1002 3536 1779 3601; baseline 0.008 -16"><span class='ocrx_word' id='word_1_684' title='bbox 1002 3538 1103 3599; x_wconf 85' lang='lat' dir='ltr'><strong>tequam</strong></span> <span class='ocrx_word' id='word_1_685' title='bbox 1117 3536 1202 3600; x_wconf 84' lang='lat' dir='ltr'><strong>proelio</strong></span> <span class='ocrx_word' id='word_1_686' title='bbox 1213 3550 1253 3586; x_wconf 91' lang='lat' dir='ltr'><strong>res</strong></span> <span class='ocrx_word' id='word_1_687' title='bbox 1265 3536 1385 3587; x_wconf 87' lang='lat' dir='ltr'><strong>finiretur.</strong></span> <span class='ocrx_word' id='word_1_688' title='bbox 1419 3538 1466 3596; x_wconf 86' lang='lat' dir='ltr'><strong>Qui</strong></span> <span class='ocrx_word' id='word_1_689' title='bbox 1480 3552 1538 3589; x_wconf 91' lang='lat' dir='ltr'><strong>cum</strong></span> <span class='ocrx_word' id='word_1_690' title='bbox 1547 3539 1602 3590; x_wconf 76' lang='lat' dir='ltr'><strong>irasc</strong></span> <span class='ocrx_word' id='word_1_691' title='bbox 1611 3539 1779 3601; x_wconf 80' lang='lat' dir='ltr'><strong>intellexisset,</strong></span> 
     </span>
     <span class='ocr_line' id='line_1_90' title="bbox 1002 3629 1781 3691; baseline 0.01 -16"><span class='ocrx_word' id='word_1_692' title='bbox 1002 3629 1085 3679; x_wconf 85' lang='lat' dir='ltr'><strong>statim</strong></span> <span class='ocrx_word' id='word_1_693' title='bbox 1101 3643 1189 3681; x_wconf 91' lang='lat' dir='ltr'><strong>omnes</strong></span> <span class='ocrx_word' id='word_1_694' title='bbox 1201 3629 1238 3691; x_wconf 83' lang='lat' dir='ltr'><strong>ad</strong></span> <span class='ocrx_word' id='word_1_695' title='bbox 1254 3644 1323 3680; x_wconf 90' lang='lat' dir='ltr'><strong>arma</strong></span> <span class='ocrx_word' id='word_1_696' title='bbox 1339 3643 1487 3681; x_wconf 90' lang='lat' dir='ltr'><strong>concurrere</strong></span> <span class='ocrx_word' id='word_1_697' title='bbox 1507 3634 1628 3686; x_wconf 80' lang='lat' dir='ltr'><strong>tussitat</strong></span> <span class='ocrx_word' id='word_1_698' title='bbox 1648 3635 1675 3684; x_wconf 91' lang='lat' dir='ltr'><strong>in</strong></span> <span class='ocrx_word' id='word_1_699' title='bbox 1693 3635 1781 3685; x_wconf 86' lang='lat' dir='ltr'><strong>castris</strong></span> 
     </span>
     <span class='ocr_line' id='line_1_91' title="bbox 1002 3719 1780 3785; baseline 0.008 -16"><span class='ocrx_word' id='word_1_700' title='bbox 1002 3719 1033 3770; x_wconf 91' lang='lat' dir='ltr'><strong>ad</strong></span> <span class='ocrx_word' id='word_1_701' title='bbox 1051 3736 1096 3772; x_wconf 85' lang='lat' dir='ltr'><strong>sua</strong></span> <span class='ocrx_word' id='word_1_702' title='bbox 1111 3736 1235 3785; x_wconf 89' lang='lat' dir='ltr'><strong>quemque</strong></span> <span class='ocrx_word' id='word_1_703' title='bbox 1253 3723 1324 3783; x_wconf 74' lang='lat' dir='ltr'><strong>signa</strong></span> <span class='ocrx_word' id='word_1_704' title='bbox 1341 3736 1454 3785; x_wconf 86' lang='lat' dir='ltr'><strong>manere,</strong></span> <span class='ocrx_word' id='word_1_705' title='bbox 1475 3723 1605 3776; x_wconf 86' lang='lat' dir='ltr'><strong>silentium</strong></span> <span class='ocrx_word' id='word_1_706' title='bbox 1623 3729 1649 3776; x_wconf 87' lang='lat' dir='ltr'><strong>et</strong></span> <span class='ocrx_word' id='word_1_707' title='bbox 1669 3727 1780 3776; x_wconf 83' lang='lat' dir='ltr'><strong>ordinem</strong></span> 
     </span>
     <span class='ocr_line' id='line_1_92' title="bbox 1001 3815 1777 3881; baseline 0.004 -19"><span class='ocrx_word' id='word_1_708' title='bbox 1001 3820 1137 3875; x_wconf 82' lang='lat' dir='ltr'><strong>servantes,</strong></span> <span class='ocrx_word' id='word_1_709' title='bbox 1147 3816 1225 3865; x_wconf 88' lang='lat' dir='ltr'><strong>donec</strong></span> <span class='ocrx_word' id='word_1_710' title='bbox 1232 3816 1284 3879; x_wconf 86' lang='lat' dir='ltr'><strong>ipse</strong></span> <span class='ocrx_word' id='word_1_711' title='bbox 1294 3815 1355 3880; x_wconf 91' lang='lat' dir='ltr'><strong>quid</strong></span> <span class='ocrx_word' id='word_1_712' title='bbox 1364 3816 1485 3880; x_wconf 81' lang='lat' dir='ltr'><strong>agendum</strong></span> <span class='ocrx_word' id='word_1_713' title='bbox 1495 3821 1560 3868; x_wconf 82' lang='lat' dir='ltr'><strong>esset</strong></span> <span class='ocrx_word' id='word_1_714' title='bbox 1569 3818 1629 3880; x_wconf 81' lang='lat' dir='ltr'><strong>apsis</strong></span> <span class='ocrx_word' id='word_1_715' title='bbox 1636 3820 1777 3881; x_wconf 81' lang='lat' dir='ltr'><strong>imperaret.</strong></span> 
     </span>
     <span class='ocr_line' id='line_1_93' title="bbox 1001 3906 1775 3972; baseline 0 -18"><span class='ocrx_word' id='word_1_716' title='bbox 1001 3907 1064 3955; x_wconf 86' lang='lat' dir='ltr'><strong>cum</strong></span> <span class='ocrx_word' id='word_1_717' title='bbox 1082 3911 1165 3956; x_wconf 89' lang='lat' dir='ltr'><strong>aulem</strong></span> <span class='ocrx_word' id='word_1_718' title='bbox 1177 3907 1325 3956; x_wconf 81' lang='lat' dir='ltr'><strong>Volscorum</strong></span> <span class='ocrx_word' id='word_1_719' title='bbox 1335 3906 1412 3957; x_wconf 86' lang='lat' dir='ltr'><strong>duces</strong></span> <span class='ocrx_word' id='word_1_720' title='bbox 1427 3908 1510 3972; x_wconf 86' lang='lat' dir='ltr'><strong>copias</strong></span> <span class='ocrx_word' id='word_1_721' title='bbox 1518 3907 1543 3958; x_wconf 91' lang='lat' dir='ltr'><strong>in</strong></span> <span class='ocrx_word' id='word_1_722' title='bbox 1557 3907 1637 3957; x_wconf 90' lang='lat' dir='ltr'><strong>iocum</strong></span> <span class='ocrx_word' id='word_1_723' title='bbox 1647 3907 1775 3957; x_wconf 88' lang='lat' dir='ltr'><strong>excelsum</strong></span> 
     </span>
     <span class='ocr_line' id='line_1_94' title="bbox 1001 3996 1777 4066; baseline 0.001 -21"><span class='ocrx_word' id='word_1_724' title='bbox 1001 3996 1147 4059; x_wconf 85' lang='lat' dir='ltr'><strong>duxissent,</strong></span> <span class='ocrx_word' id='word_1_725' title='bbox 1162 3999 1227 4049; x_wconf 92' lang='lat' dir='ltr'><strong>unde</strong></span> <span class='ocrx_word' id='word_1_726' title='bbox 1244 4003 1367 4049; x_wconf 83' lang='lat' dir='ltr'><strong>Romanos</strong></span> <span class='ocrx_word' id='word_1_727' title='bbox 1391 4003 1536 4066; x_wconf 84' lang='lat' dir='ltr'><strong>conspicere</strong></span> <span class='ocrx_word' id='word_1_728' title='bbox 1552 4001 1665 4063; x_wconf 87' lang='lat' dir='ltr'><strong>possent,</strong></span> <span class='ocrx_word' id='word_1_729' title='bbox 1678 3998 1722 4048; x_wconf 93' lang='lat' dir='ltr'><strong>ubi</strong></span> <span class='ocrx_word' id='word_1_730' title='bbox 1743 4000 1777 4047; x_wconf 85' lang='lat' dir='ltr'><strong>ri·</strong></span> 
     </span>
     <span class='ocr_line' id='line_1_95' title="bbox 1000 4090 1777 4156; baseline 0.001 -17"><span class='ocrx_word' id='word_1_731' title='bbox 1000 4090 1089 4140; x_wconf 90' lang='lat' dir='ltr'><strong>derunt</strong></span> <span class='ocrx_word' id='word_1_732' title='bbox 1112 4090 1239 4153; x_wconf 88' lang='lat' dir='ltr'><strong>planitiem</strong></span> <span class='ocrx_word' id='word_1_733' title='bbox 1258 4092 1421 4144; x_wconf 85' lang='lat' dir='ltr'><strong>cadaveribus</strong></span> <span class='ocrx_word' id='word_1_734' title='bbox 1440 4098 1598 4153; x_wconf 88' lang='lat' dir='ltr'><strong>constratam,</strong></span> <span class='ocrx_word' id='word_1_735' title='bbox 1620 4095 1645 4142; x_wconf 89' lang='lat' dir='ltr'><strong>ei</strong></span> <span class='ocrx_word' id='word_1_736' title='bbox 1672 4096 1777 4156; x_wconf 85' lang='lat' dir='ltr'><strong>utraque</strong></span> 
     </span>
    </p>
   </div>
   <div class='ocr_carea' id='block_1_7' title="bbox 997 4188 1780 5227">
    <p class='ocr_par' dir='ltr' id='par_1_8' title="bbox 997 4188 1780 5227">
     <span class='ocr_line' id='line_1_96' title="bbox 1000 4188 1777 4254; baseline 0.004 -19"><span class='ocrx_word' id='word_1_737' title='bbox 1000 4191 1081 4236; x_wconf 91' lang='lat' dir='ltr'><strong>castra</strong></span> <span class='ocrx_word' id='word_1_738' title='bbox 1096 4192 1188 4248; x_wconf 87' lang='lat' dir='ltr'><strong>erecta,</strong></span> <span class='ocrx_word' id='word_1_739' title='bbox 1210 4203 1290 4251; x_wconf 87' lang='lat' dir='ltr'><strong>noque</strong></span> <span class='ocrx_word' id='word_1_740' title='bbox 1312 4204 1343 4240; x_wconf 88' lang='lat' dir='ltr'><strong>ex</strong></span> <span class='ocrx_word' id='word_1_741' title='bbox 1368 4192 1547 4244; x_wconf 85' lang='lat' dir='ltr'><strong>munitionibus</strong></span> <span class='ocrx_word' id='word_1_742' title='bbox 1569 4203 1717 4254; x_wconf 88' lang='lat' dir='ltr'><strong>quemquam</strong></span> <span class='ocrx_word' id='word_1_743' title='bbox 1740 4188 1777 4239; x_wconf 85' lang='lat' dir='ltr'><strong>vel</strong></span> 
     </span>
     <span class='ocr_line' id='line_1_97' title="bbox 1000 4275 1779 4341; baseline 0.003 -17"><span class='ocrx_word' id='word_1_744' title='bbox 1000 4275 1096 4324; x_wconf 89' lang='lat' dir='ltr'><strong>hostem</strong></span> <span class='ocrx_word' id='word_1_745' title='bbox 1108 4276 1147 4325; x_wconf 84' lang='lat' dir='ltr'><strong>rei</strong></span> <span class='ocrx_word' id='word_1_746' title='bbox 1158 4277 1264 4326; x_wconf 90' lang='lat' dir='ltr'><strong>amicum</strong></span> <span class='ocrx_word' id='word_1_747' title='bbox 1275 4278 1380 4341; x_wconf 87' lang='lat' dir='ltr'><strong>prodire,</strong></span> <span class='ocrx_word' id='word_1_748' title='bbox 1393 4279 1546 4341; x_wconf 84' lang='lat' dir='ltr'><strong>aliquamdiu</strong></span> <span class='ocrx_word' id='word_1_749' title='bbox 1556 4279 1640 4329; x_wconf 89' lang='lat' dir='ltr'><strong>mirati</strong></span> <span class='ocrx_word' id='word_1_750' title='bbox 1654 4282 1718 4337; x_wconf 88' lang='lat' dir='ltr'><strong>suni,</strong></span> <span class='ocrx_word' id='word_1_751' title='bbox 1734 4290 1779 4327; x_wconf 89' lang='lat' dir='ltr'><strong>uec</strong></span> 
     </span>
     <span class='ocr_line' id='line_1_98' title="bbox 999 4364 1779 4429; baseline 0.006 -19"><span class='ocrx_word' id='word_1_752' title='bbox 999 4364 1120 4426; x_wconf 85' lang='lat' dir='ltr'><strong>conjicere</strong></span> <span class='ocrx_word' id='word_1_753' title='bbox 1135 4369 1269 4428; x_wconf 85' lang='lat' dir='ltr'><strong>potueruut</strong></span> <span class='ocrx_word' id='word_1_754' title='bbox 1288 4368 1400 4429; x_wconf 88' lang='lat' dir='ltr'><strong>quisnam</strong></span> <span class='ocrx_word' id='word_1_755' title='bbox 1419 4372 1486 4418; x_wconf 91' lang='lat' dir='ltr'><strong>esset</strong></span> <span class='ocrx_word' id='word_1_756' title='bbox 1505 4383 1588 4418; x_wconf 90' lang='lat' dir='ltr'><strong>rerum</strong></span> <span class='ocrx_word' id='word_1_757' title='bbox 1607 4371 1696 4418; x_wconf 86' lang='lat' dir='ltr'><strong>status.</strong></span> <span class='ocrx_word' id='word_1_758' title='bbox 1732 4366 1779 4416; x_wconf 89' lang='lat' dir='ltr'><strong>Sed</strong></span> 
     </span>
     <span class='ocr_line' id='line_1_99' title="bbox 1000 4453 1779 4518; baseline 0.004 -16"><span class='ocrx_word' id='word_1_759' title='bbox 1000 4456 1129 4515; x_wconf 78' lang='lat' dir='ltr'><strong>postquam</strong></span> <span class='ocrx_word' id='word_1_760' title='bbox 1145 4467 1176 4501; x_wconf 86' lang='lat' dir='ltr'><strong>ex</strong></span> <span class='ocrx_word' id='word_1_761' title='bbox 1199 4453 1238 4511; x_wconf 82' lang='lat' dir='ltr'><strong>iia,</strong></span> <span class='ocrx_word' id='word_1_762' title='bbox 1254 4455 1296 4517; x_wconf 88' lang='lat' dir='ltr'><strong>qui</strong></span> <span class='ocrx_word' id='word_1_763' title='bbox 1314 4469 1344 4505; x_wconf 86' lang='lat' dir='ltr'><strong>ex</strong></span> <span class='ocrx_word' id='word_1_764' title='bbox 1368 4458 1424 4518; x_wconf 80' lang='lat' dir='ltr'><strong>iuga</strong></span> <span class='ocrx_word' id='word_1_765' title='bbox 1444 4459 1590 4517; x_wconf 86' lang='lat' dir='ltr'><strong>evaserant,</strong></span> <span class='ocrx_word' id='word_1_766' title='bbox 1612 4457 1703 4518; x_wconf 88' lang='lat' dir='ltr'><strong>omnia,</strong></span> <span class='ocrx_word' id='word_1_767' title='bbox 1723 4469 1779 4518; x_wconf 81' lang='lat' dir='ltr'><strong>quas</strong></span> 
     </span>
     <span class='ocr_line' id='line_1_100' title="bbox 1000 4544 1779 4610; baseline 0.004 -16"><span class='ocrx_word' id='word_1_768' title='bbox 1000 4546 1025 4595; x_wconf 93' lang='lat' dir='ltr'><strong>iu</strong></span> <span class='ocrx_word' id='word_1_769' title='bbox 1038 4544 1125 4608; x_wconf 86' lang='lat' dir='ltr'><strong>proetio</strong></span> <span class='ocrx_word' id='word_1_770' title='bbox 1142 4544 1476 4610; x_wconf 77' lang='lat' dir='ltr'><strong>acciderani,cognoreruut‚</strong></span> <span class='ocrx_word' id='word_1_771' title='bbox 1487 4561 1545 4595; x_wconf 92' lang='lat' dir='ltr'><strong>cum</strong></span> <span class='ocrx_word' id='word_1_772' title='bbox 1556 4547 1658 4609; x_wconf 89' lang='lat' dir='ltr'><strong>reliquis</strong></span> <span class='ocrx_word' id='word_1_773' title='bbox 1673 4548 1779 4598; x_wconf 86' lang='lat' dir='ltr'><strong>ducibus</strong></span> 
     </span>
     <span class='ocr_line' id='line_1_101' title="bbox 1000 4633 1779 4699; baseline 0.004 -17"><span class='ocrx_word' id='word_1_774' title='bbox 1000 4633 1139 4683; x_wconf 89' lang='lat' dir='ltr'><strong>consultare</strong></span> <span class='ocrx_word' id='word_1_775' title='bbox 1158 4639 1304 4695; x_wconf 75' lang='lat' dir='ltr'><strong>caeperunt,</strong></span> <span class='ocrx_word' id='word_1_776' title='bbox 1335 4636 1451 4699; x_wconf 89' lang='lat' dir='ltr'><strong>quidnam</strong></span> <span class='ocrx_word' id='word_1_777' title='bbox 1472 4637 1538 4684; x_wconf 86' lang='lat' dir='ltr'><strong>esset</strong></span> <span class='ocrx_word' id='word_1_778' title='bbox 1558 4635 1707 4687; x_wconf 82' lang='lat' dir='ltr'><strong>iaciendum.</strong></span> <span class='ocrx_word' id='word_1_779' title='bbox 1742 4636 1779 4686; x_wconf 88' lang='lat' dir='ltr'><strong>lili</strong></span> 
     </span>
     <span class='ocr_line' id='line_1_102' title="bbox 1000 4721 1780 4786; baseline 0.004 -15"><span class='ocrx_word' id='word_1_780' title='bbox 1000 4723 1082 4785; x_wconf 80' lang='lat' dir='ltr'><strong>igitur,</strong></span> <span class='ocrx_word' id='word_1_781' title='bbox 1097 4721 1218 4783; x_wconf 87' lang='lat' dir='ltr'><strong>quierant</strong></span> <span class='ocrx_word' id='word_1_782' title='bbox 1232 4724 1397 4786; x_wconf 87' lang='lat' dir='ltr'><strong>audacissimi,</strong></span> <span class='ocrx_word' id='word_1_783' title='bbox 1406 4722 1538 4774; x_wconf 80' lang='lat' dir='ltr'><strong>censebant</strong></span> <span class='ocrx_word' id='word_1_784' title='bbox 1549 4724 1716 4774; x_wconf 83' lang='lat' dir='ltr'><strong>Romanorum</strong></span> <span class='ocrx_word' id='word_1_785' title='bbox 1729 4726 1780 4774; x_wconf 80' lang='lat' dir='ltr'><strong>rai-</strong></span> 
     </span>
     <span class='ocr_line' id='line_1_103' title="bbox 999 4808 1777 4875; baseline -0.001 -15"><span class='ocrx_word' id='word_1_786' title='bbox 999 4811 1051 4860; x_wconf 89' lang='lat' dir='ltr'><strong>lum</strong></span> <span class='ocrx_word' id='word_1_787' title='bbox 1068 4823 1099 4859; x_wconf 82' lang='lat' dir='ltr'><strong>cx</strong></span> <span class='ocrx_word' id='word_1_788' title='bbox 1111 4810 1197 4861; x_wconf 87' lang='lat' dir='ltr'><strong>itinere</strong></span> <span class='ocrx_word' id='word_1_789' title='bbox 1217 4816 1242 4862; x_wconf 84' lang='lat' dir='ltr'><strong>et</strong></span> <span class='ocrx_word' id='word_1_790' title='bbox 1258 4813 1335 4875; x_wconf 88' lang='lat' dir='ltr'><strong>primo</strong></span> <span class='ocrx_word' id='word_1_791' title='bbox 1346 4813 1439 4875; x_wconf 89' lang='lat' dir='ltr'><strong>impetu</strong></span> <span class='ocrx_word' id='word_1_792' title='bbox 1451 4808 1618 4859; x_wconf 84' lang='lat' dir='ltr'><strong>invadendum</strong></span> <span class='ocrx_word' id='word_1_793' title='bbox 1634 4824 1703 4870; x_wconf 89' lang='lat' dir='ltr'><strong>esse,</strong></span> <span class='ocrx_word' id='word_1_794' title='bbox 1718 4813 1777 4861; x_wconf 89' lang='lat' dir='ltr'><strong>dum</strong></span> 
     </span>
     <span class='ocr_line' id='line_1_104' title="bbox 1001 4897 1777 4949; baseline -0.004 -2"><span class='ocrx_word' id='word_1_795' title='bbox 1001 4897 1083 4947; x_wconf 88' lang='lat' dir='ltr'><strong>adbuc</strong></span> <span class='ocrx_word' id='word_1_796' title='bbox 1099 4899 1169 4947; x_wconf 89' lang='lat' dir='ltr'><strong>multi</strong></span> <span class='ocrx_word' id='word_1_797' title='bbox 1184 4898 1216 4948; x_wconf 94' lang='lat' dir='ltr'><strong>ob</strong></span> <span class='ocrx_word' id='word_1_798' title='bbox 1236 4899 1338 4949; x_wconf 87' lang='lat' dir='ltr'><strong>vulnera</strong></span> <span class='ocrx_word' id='word_1_799' title='bbox 1359 4897 1516 4947; x_wconf 80' lang='lat' dir='ltr'><strong>laborarent.</strong></span> <span class='ocrx_word' id='word_1_800' title='bbox 1542 4901 1567 4946; x_wconf 83' lang='lat' dir='ltr'><strong>et</strong></span> <span class='ocrx_word' id='word_1_801' title='bbox 1585 4912 1672 4948; x_wconf 85' lang='lat' dir='ltr'><strong>omnes</strong></span> <span class='ocrx_word' id='word_1_802' title='bbox 1694 4897 1777 4946; x_wconf 88' lang='lat' dir='ltr'><strong>labore</strong></span> 
     </span>
     <span class='ocr_line' id='line_1_105' title="bbox 1000 4985 1774 5049; baseline -0.005 -13"><span class='ocrx_word' id='word_1_803' title='bbox 1000 4985 1106 5036; x_wconf 83' lang='lat' dir='ltr'><strong>maxime</strong></span> <span class='ocrx_word' id='word_1_804' title='bbox 1118 4986 1247 5049; x_wconf 77' lang='lat' dir='ltr'><strong>defatigati</strong></span> <span class='ocrx_word' id='word_1_805' title='bbox 1262 4990 1353 5047; x_wconf 81' lang='lat' dir='ltr'><strong>esseru,</strong></span> <span class='ocrx_word' id='word_1_806' title='bbox 1369 4989 1394 5037; x_wconf 90' lang='lat' dir='ltr'><strong>et</strong></span> <span class='ocrx_word' id='word_1_807' title='bbox 1415 4997 1484 5035; x_wconf 76' lang='lat' dir='ltr'><strong>mma</strong></span> <span class='ocrx_word' id='word_1_808' title='bbox 1507 4990 1591 5037; x_wconf 89' lang='lat' dir='ltr'><strong>essent</strong></span> <span class='ocrx_word' id='word_1_809' title='bbox 1614 4986 1721 5037; x_wconf 85' lang='lat' dir='ltr'><strong>maxima</strong></span> <span class='ocrx_word' id='word_1_810' title='bbox 1742 4997 1774 5033; x_wconf 86' lang='lat' dir='ltr'><strong>ex</strong></span> 
     </span>
     <span class='ocr_line' id='line_1_106' title="bbox 998 5071 1775 5139; baseline -0.001 -16"><span class='ocrx_word' id='word_1_811' title='bbox 998 5077 1069 5139; x_wconf 86' lang='lat' dir='ltr'><strong>parte</strong></span> <span class='ocrx_word' id='word_1_812' title='bbox 1092 5074 1197 5135; x_wconf 88' lang='lat' dir='ltr'><strong>inutilia,</strong></span> <span class='ocrx_word' id='word_1_813' title='bbox 1216 5073 1305 5139; x_wconf 89' lang='lat' dir='ltr'><strong>partim</strong></span> <span class='ocrx_word' id='word_1_814' title='bbox 1321 5071 1374 5122; x_wconf 88' lang='lat' dir='ltr'><strong>acie</strong></span> <span class='ocrx_word' id='word_1_815' title='bbox 1395 5071 1484 5123; x_wconf 89' lang='lat' dir='ltr'><strong>obtusa</strong></span> <span class='ocrx_word' id='word_1_816' title='bbox 1507 5076 1598 5139; x_wconf 86' lang='lat' dir='ltr'><strong>partim</strong></span> <span class='ocrx_word' id='word_1_817' title='bbox 1614 5074 1701 5135; x_wconf 88' lang='lat' dir='ltr'><strong>tracta,</strong></span> <span class='ocrx_word' id='word_1_818' title='bbox 1731 5087 1775 5123; x_wconf 93' lang='lat' dir='ltr'><strong>nec</strong></span> 
     </span>
     <span class='ocr_line' id='line_1_107' title="bbox 997 5162 1774 5227; baseline 0 -15"><span class='ocrx_word' id='word_1_819' title='bbox 997 5162 1058 5212; x_wconf 90' lang='lat' dir='ltr'><strong>dum</strong></span> <span class='ocrx_word' id='word_1_820' title='bbox 1079 5162 1111 5212; x_wconf 88' lang='lat' dir='ltr'><strong>ab</strong></span> <span class='ocrx_word' id='word_1_821' title='bbox 1123 5166 1185 5214; x_wconf 87' lang='lat' dir='ltr'><strong>urbe</strong></span> <span class='ocrx_word' id='word_1_822' title='bbox 1198 5177 1283 5213; x_wconf 83' lang='lat' dir='ltr'><strong>recens</strong></span> <span class='ocrx_word' id='word_1_823' title='bbox 1298 5163 1416 5213; x_wconf 82' lang='lat' dir='ltr'><strong>auxilium</strong></span> <span class='ocrx_word' id='word_1_824' title='bbox 1438 5163 1497 5227; x_wconf 87' lang='lat' dir='ltr'><strong>ipsis</strong></span> <span class='ocrx_word' id='word_1_825' title='bbox 1515 5163 1667 5216; x_wconf 82' lang='lat' dir='ltr'><strong>subuenisset</strong></span> <span class='ocrx_word' id='word_1_826' title='bbox 1681 5181 1687 5212; x_wconf 78' lang='grc' dir='ltr'><strong>ε</strong></span> <span class='ocrx_word' id='word_1_827' title='bbox 1702 5178 1774 5213; x_wconf 91' lang='lat' dir='ltr'><strong>suum</strong></span> 
     </span>
    </p>
   </div>
   <div class='ocr_carea' id='block_1_8' title="bbox 0 0 1890 5828">
    <p class='ocr_par' dir='ltr' id='par_1_9' title="bbox 0 0 1890 5828">
     <span class='ocr_line' id='line_1_108' title="bbox 0 0 1890 5828; baseline 0 1"><span class='ocrx_word' id='word_1_828' title='bbox 0 0 1890 5828; x_wconf 95' lang='lat' dir='ltr'><strong> </strong></span> 
     </span>
    </p>
   </div>
  </div>
 </body>
</html>
