3772 5828
606 389 902 486 aurrourrarunr
923 408 1071 474 nosris.
1093 415 1165 477 nin.
1190 421 1253 480 ιιι.

127 542 236 624 ἀγοράς,
264 542 309 602 ἵνα
334 541 541 623 σωφρονέστεροι
564 541 608 601 &ab
635 542 683 615 τῆν
710 542 826 622 ἀνάγκην
853 545 901 620 γε’-

126 656 209 691 νοιντο
221 631 267 690 καί
282 630 347 712 πρὸς
364 629 398 690 τά
412 629 493 689 λοιπά
508 634 555 703 τῆς
569 632 703 700 πολιτείας
722 633 811 692 δίκαια
826 654 903 710 νομι-

125 722 245 798 μῶτεροι.

163 810 243 871 xxi.
267 807 376 869 Τούτων
398 799 431 880 ῆν
449 811 501 868 τῶν
524 810 703 891 ὀλιγαρχικῶν
724 809 800 870 καίθ
822 810 903 891 Μόρ-

1676 441 1734 499 403

928 540 931 545 ’
957 552 1059 614 plebeiis
1075 556 1222 621 venderent,
1243 565 1270 610 nt
1290 564 1439 615 necessitate
1457 567 1535 617 coacti
1555 569 1733 636 modestiores,

956 643 981 688 et
1002 638 1064 691 iuris
1084 656 1113 692 ac
1134 643 1288 708 reliquarum
1306 647 1416 701 civilium
1438 651 1519 715 legum
1540 653 1735 708 observantiores

956 725 1051 777 fierent.

988 811 1050 859 lixi.
1069 814 1097 861 ln
1116 826 1221 867 numero
1245 817 1350 880 trorum,
1372 821 1416 884 qui
1435 837 1572 886 paucorum
1597 827 1734 879 dominatui

85 925 98 960 s
123 924 176 966 κιος
198 899 293 964 ἐκεῖνος
307 901 321 956 θ
344 898 504 977 Κοριολάνος
520 899 687 975 ἐπικληθεὶς,
702 900 753 981 οὐχ
772 898 863 980 ὥσπερ
877 904 903 961 οἱ
958 905 1090 971 favebant,
1107 916 1160 962 erat
1174 918 1200 964 et
1218 915 1259 964 ille
1281 918 1400 982 Marcius,
1415 923 1563 974 Coriolanus
1578 928 1734 990 cognomine,

123 989 210 1047 λοιποί
232 988 319 1067 κρύφα
338 987 384 1046 καὶ
399 985 434 1047 δι’
448 986 651 1060 adfabricaretur
671 991 767 1049 ἑαυτοῦ
791 987 901 1068 γνώμην

955 1005 999 1070 qui
1012 1022 1061 1058 uon
1074 1012 1117 1074 (ut
1130 1010 1233 1076 reliqui)
1249 1013 1313 1065 clam
1324 1018 1349 1066 et
1362 1020 1435 1067 caute
1446 1019 1591 1070 sententiam
1606 1021 1677 1082 dixit,
1691 1023 1734 1072 sed

124 1078 349 1157 ἀποφαινόμενος,
375 1078 435 1137 ἀλλ’
459 1076 581 1158 ἄντικρυς
604 1081 650 1138 καί
676 1077 807 1156 θραῦίωςι
832 1077 902 1136 ὥστ’
954 1108 1040 1168 aperte
1054 1110 1080 1155 et
1092 1106 1222 1170 audacior,
1238 1109 1274 1159 ita
1293 1114 1320 1160 ut
1339 1112 1379 1163 vel
1393 1114 1464 1163 multi
1484 1115 1515 1165 de
1537 1116 1606 1179 plebe
1622 1129 1678 1166 eam
1692 1131 1736 1166 an·

123 1164 235 1233 πολλοὺς
247 1167 358 1225 οἰκοῦσαι
369 1164 476 1224 καὶτῶν
487 1167 649 1242 δημοτικῶν.
693 1155 760 1247 Εἶχε
767 1164 819 1244 γάρ
830 1187 901 1232 τινας

122 1255 172 1324 ἔξω
193 1257 245 1314 τῶν
269 1257 362 1314 κοινῶν
391 1255 569 1331 ίγκλημάτων
593 1254 641 1314 καί
664 1252 731 1323 teia<
756 1253 900 1335 προφάσεις

71 1375 95 1412 p,
120 1343 216 1403 νεωστί
237 1343 392 1423 γινομένας,
411 1342 438 1412 ἐξ
458 1335 494 1403 ῶν
508 1343 615 1410 οἰκότως
629 1344 715 1404 taem
738 1352 825 1421 μισεῖν
839 1343 899 1411 τοὺς

120 1433 285 1510 δημοτικούς.
329 1431 475 1493 Ὑπατείαν
490 1433 542 1511 γὰρ
562 1435 634 1512 αὐτῷ
651 1428 766 1510 μετιόντι
779 1440 836 1500 ταῖς
850 1431 899 1510 ίγ-

119 1545 199 1599 γιστα
213 1519 366 1599 γενομέναις
387 1521 587 1599 ἀρχαιρεσίαις,
605 1522 649 1579 καὶ
672 1518 731 1585 τούς
746 1520 899 1598 πατρικίους

119 1611 206 1690 άχοντι
230 1608 505 1688 συναγωνιζομένους,
530 1610 644 1685 θὸῆμος
667 1608 830 1675 ἐναντιωθείς
850 1610 898 1668 οὐκ

119 1700 193 1759 είασε
206 1700 296 1758 δοῦναι
312 1697 358 1770 τλν
374 1697 479 1779 ἀρχὴν,
495 1697 544 1770 τῆν
555 1720 584 1756 τε
598 1697 773 1778 λαμπρότητα
788 1700 833 1757 τοῦ
846 1698 896 1756 ἀν-

66 1813 92 1855 lb
119 1788 179 1868 δρὸς
197 1787 242 1847 κοιλ
257 1785 306 1858 τὴν
326 1786 426 1863 τόλμαν
443 1785 476 1846 δι’
492 1784 632 1853 εὐλαόιίας
647 1787 732 1866 ἔχων,
751 1783 790 1860 μη
810 1808 835 1843 τι
851 1783 895 1845 ted

119 1881 204 1934 ταῦτα
217 1874 358 1956 νεωτερίσῃ
373 1877 433 1955 περὶ
450 1874 498 1948 τὴν
511 1878 564 1935 τῶν
576 1874 723 1956 δημάρχων
735 1874 896 1949 κατάλυσιν,

118 1964 166 2023 καὶ
187 1963 305 2041 μάλιστα
329 1962 435 2038 δεδιὼς,
451 1963 492 2023 ότι
513 1964 711 2043 συνελάμύανεν
734 1965 805 2044 αὐτῷ
819 1962 895 2044 πάσῃ

117 2051 251 2132 προθυμία
271 2050 302 2111 τὸ
317 2055 368 2113 τῶν
382 2051 531 2134 πατρικίων
546 2052 666 2129 πλῆθος,
685 2054 721 2120 ῶς
736 2052 821 2111 οὐδενὶ
841 2054 894 2111 τῶν

117 2139 253 2220 πρότερον.
297 2142 404 2213 Ταύτης
416 2167 444 2201 τε
455 2139 499 2202 ούν
508 2143 662 2226 τῆςύόρεως
672 2150 737 2230 ἀργῇ
752 2153 897 2231 ἀπαρθεὶςθ

64 2251 90 2286 en
117 2230 200 2304 ἀνὴρ,
216 2230 261 2287 καὶ
284 2231 332 2299 τήν
347 2231 498 2306 μεταύολὴν
514 2240 560 2292 τοῦ
583 2238 773 2306 πολιτεύματος
795 2243 832 2307 εἰς
851 2241 896 2302 τόν

116 2313 142 2382 ἐξ
167 2317 251 2397 ἀρχῆς
281 2316 380 2394 κόσμον
401 2319 632 2389 ἀποκαταστῆσαι
657 2318 887 2398 προθυμούμενος,

116 2402 491 2484 αύτόςτεάναφανάὸν,ῶσπερ
501 2402 681 2483 καὶπρότερον
693 2403 767 2486 ἔφην,
778 2403 892 2483 ἔπραττε

116 2489 163 2559 τῆν
186 2496 231 2549 τοῦ
248 2491 334 2567 δήμου
355 2491 517 2568 κατάλυσιν,
537 2492 583 2551 καί
602 2490 661 2560 τούς
680 2491 773 2559 ἄλλους
789 2494 889 2569 ἀνῆγεν.

115 2567 171 2636 *tn
190 2576 217 2634 δὲ
241 2578 303 2658 περὶ
325 2577 403 2636 αὐτὸν
429 2580 530 2658 ἑταιρία
547 2580 652 2656 μεγάλη
674 2579 738 2638 νίων
762 2581 889 2657 εύγενῶν,

61 2684 90 2726 ἰο
116 2656 153 2730 οἷς
170 2656 203 2737 ῆν
218 2664 251 2722 τά
266 2664 380 2742 μίγιστα
393 2666 532 2743 τιμήματα
544 2667 623 2746 βίων,
639 2668 684 2727 καὶ
698 2667 811 2727 πελάται
828 2691 892 2750 συχ·

116 2755 154 2812 νοὶ
178 2752 366 2826 συνεστηκότες
390 2755 433 2813 ἐπὶ
459 2763 517 2821 ταῖς
540 2757 641 2815 ἐκτῶν
667 2753 792 2832 πολίμων
815 2757 893 2836 ὠφε-

113 2843 209 2910 λείαις·
225 2834 262 2909 οἷς
285 2840 456 2923 ἐπαιρόμενος
480 2844 638 2925 ἐφρυάττετο
658 2845 703 2903 καί
722 2844 844 2926 λαμπρὸς
859 2836 891 2919 ἤν

114 2932 159 2992 καλ
175 2936 305 3011 προῆλθεν
324 2931 368 2991 trel
392 2933 521 3009 μήκιστον
540 2933 700 3014 ἐπιφανείας.
718 2935 760 2994 Οὔ
780 2935 833 3011 μὴν
847 2936 891 2995 εὖ·

113 3028 207 3103 τυχοῢς
227 3045 257 3101 γε
279 3019 323 3081 διὰ
344 3024 429 3083 ταῦτα
446 3025 630 3103 καταστροφῆς
653 3021 742 3103 ίτυχε.
786 3024 891 3105 Συναχ-

63 3128 89 3167 ιο
115 3112 200 3182 θείαης
223 3108 274 3190 γὰρ
297 3107 363 3187 ύττίρ
384 3111 485 3168 τούτων
507 3112 616 3191 βουλῆς,
634 3109 681 3169 καί
704 3113 757 3169 τῶν
771 3110 889 3192 πρισύο·

114 3201 209 3279 τέρων,
227 3203 262 3266 ὡς
286 3197 343 3266 ἔθος
364 3189 398 3270 ῆν
420 3199 527 3271 αύτοῖς,
545 3200 656 3273 πρῶτων
678 3201 890 3281 ἀποφηναμένων

113 3286 159 3352 τὰς
182 3289 281 3345 ἑαυτῶν
296 3285 425 3360 διανοίας,
440 3288 467 3346 ἀν
484 3276 521 3352 οἷς
535 3288 564 3346 ού
588 3285 682 3345 πολλοί
695 3310 763 3357 τινες
783 3281 850 3361 ἦσαν
865 3293 890 3349 οί

115 3374 162 3441 τὰς
176 3374 245 3434 κατά
259 3379 305 3433 τοῦ
327 3374 414 3452 δήμου
428 3375 535 3454 γνώμας
550 3376 671 3455 ἀντικρυς
686 3376 888 3459 ἀγορεύσαντες,

115 3463 204 3533 ἐπειδὴ
226 3466 340 3533 καθῆκεν
356 3465 393 3530 είς
407 3461 466 3531 τούς
478 3463 620 3543 ναυπόρους
635 3468 649 3524 ὁ
663 3465 754 3542 λόγος,
777 3468 890 3537 αἰτησά-

62 3562 89 3601 35
116 3573 192 3626 μενος
214 3549 330 3617 ἐξουσίαν
350 3550 423 3629 παρὰ
443 3554 495 3610 τῶν
520 3553 626 3611 ὑπάτων
652 3554 734 3613 εἷπιῖν
757 3553 807 3611 ὅσα
829 3554 890 3632 βού-

116 3640 202 3707 λεται,
217 3639 263 3696 καὶ
284 3633 371 3717 τυχὼν
388 3638 564 3715 ἐπισημασίας
579 3664 608 3700 τι
624 3641 741 3717 μεγάλης
756 3641 802 3699 καὶ
821 3664 888 3722 προ

115 3730 214 3807 σοχῆς,
230 3727 307 3801 λόγον
328 3724 443 3797 διεξῆλθε
458 3725 528 3786 κατά
543 3733 588 3789 τοῦ
602 3728 688 3804 δήμου
701 3727 810 3790 τοιόνδι.

152 3817 249 3876 xxii.
275 3837 290 3869 ιι
303 3810 368 3873 Ὅτι
380 3813 428 3892 μίν
440 3816 490 3895 οὐχ
498 3818 543 3875 ὑπ’
555 3814 668 3893 ἀνάγκης
683 3839 712 3874 τε
724 3816 769 3875 καί
781 3818 891 3898 ἀπορίας

113 3931 125 3957 ιι
143 3904 259 3984 βιασθείς
284 3906 297 3962 θ
325 3903 408 3979 δῆμος
439 3903 582 3976 ἀποιῆσατο
605 3905 652 3978 τὴν
685 3899 888 3982 ἀπόστασιν,ῶ

58 4018 84 4057 40
112 4021 125 4046 ιι
140 3994 269 4073 πατέρες,
289 3989 357 4050 ἀλλά
380 4001 482 4074 πονηρᾷ
502 3993 589 4053 ἐλπίδι
603 3993 734 4075 ἀπαρθεὶς,
753 3997 788 4061 ὡς
801 4019 889 4057 κατα-

112 4108 124 4133 ιι
140 4080 227 4141 λύσων
245 4080 292 4153 τὴν
314 4080 517 4162 ἀριστοκρατίαν
536 4087 608 4161 ὑμῶν
628 4085 673 4145 καὶ
692 4088 797 4147 πάντων
813 4087 890 4158 αὐτὸς

111 4198 123 4223 ιι
138 4170 259 4247 ἐσόμενος
277 4175 329 4232 τῶν
350 4175 443 4232 κοινῶν
458 4171 559 4253 κύριος,
583 4174 676 4255 σχεδὸν
699 4165 773 4253 οἶμαι
787 4177 888 4249 πάντας

111 4288 122 4312 ιι
138 4263 205 4338 ὑμᾶς
219 4265 363 4341 ᾐσθῆσθαι,
374 4263 408 4323 τά
421 4267 482 4345 περὶ
499 4266 545 4335 τάς
557 4267 701 4346 διαλλαγάς
715 4272 794 4329 αύτοῶ
808 4271 887 4329 πλεο·

111 4377 122 4400 ιι
137 4350 290 4428 νεκτῆματα
306 4357 436 4434 δρῶντας·
455 4345 479 4435 ᾧ
501 4379 531 4432 γε
546 4358 593 4415 ούκ
612 4355 749 4437 ἀπίχρηοι
767 4354 887 4439 διαφθεί-

111 4466 123 4490 ιι
141 4463 214 4518 ραντι
233 4442 281 4513 τῆν
296 4442 403 4523 περὶτὰ
427 4443 579 4519 συμύόλαια
600 4446 690 4505 πίστιν
705 4446 749 4506 καί
765 4446 824 4515 τοὺς
845 4446 888 4505 ἐπὶ

111 4552 123 4577 ιι
138 4526 221 4607 ταύτῃ
242 4528 377 4605 κειμόνους
393 4531 511 4592 ἀνελόντι
528 4532 622 4611 νόμους
637 4533 719 4612 μηθὲν
734 4534 800 4594 ἀλλο
810 4537 888 4594 πολυ·

112 4641 123 4664 ιι
139 4626 316 4696 πραγμονεὶν,
336 4621 429 4694 καινῆν
444 4621 472 4680 δὲ
490 4622 726 4698 καταστησάμενος
743 4619 827 4703 ἀρχὴν
842 4621 888 4681 ἀπὶ

112 4729 123 4751 ιι
141 4705 178 4781 τῷ
200 4707 316 4764 καθελεῖν
338 4707 386 4779 τῆν
410 4711 463 4768 τῶν
486 4711 609 4784 ὑπάτων,
630 4709 703 4790 ίεράν
725 4709 771 4769 καί
791 4708 887 4769 ἄσυλον

111 4819 123 4844 ιι
139 4791 261 4861 ἐποίησεν
276 4795 354 4867 αὐτὴν
368 4797 455 4879 νόμῳ,
474 4799 520 4860 καὶ
534 4804 578 4859 νῶν
592 4797 749 4879 τυραννικὴν
769 4796 887 4869 ίξουσίαν

111 4908 124 4933 ιι
138 4877 380 4965 περιύαλλάμινος,
404 4875 427 4946 J,
448 4884 544 4965 βουλὴ,
567 4890 606 4968 τῷ
629 4887 723 4947 νεωστὶ
747 4887 888 4969 κυρωθίντι

111 4997 123 5022 ιι
138 4970 212 5052 νόμῳ
227 4968 425 5052 λε’ληθενύμᾶς.
465 4972 555 5039 Ὅταν
565 4977 616 5057 γάρ
631 4978 673 5037 ἀπ’
687 4977 803 5045 ἔξουσίας
816 4978 888 5034 πολ-

110 5085 123 5108 “
138 5059 186 5129 λ’ἧς
199 5061 223 5118 οἱ
241 5060 433 5141 πρθιῦῒηκότῑε
453 5067 532 5126 abac
546 5067 678 5146 πρόφασιν
691 5067 811 5144 εὐπρεπῆ
826 5086 889 5145 προ·

110 5171 123 5198 ιι
140 5143 296 5222 όαλλόμενοι
343 5145 375 5207 τό
401 5148 434 5221 δὴ
463 5152 515 5232 τοῖς
537 5151 716 5228 ἀδικουμένοις
734 5154 786 5209 τῶν
807 5151 887 5229 δημο·

109 5259 124 5288 ιι
137 5238 189 5293 τῶν
211 5237 328 5313 βοηθεῖν,
348 5236 392 5297 διὰ
416 5242 463 5312 τῆς
475 5239 600 5310 ’ίξοοσίας
618 5240 715 5313 ταύτης
738 5242 824 5318 ἀγωσι
840 5237 886 5300 καὶ

954 1201 1044 1254 dicent.
1078 1207 1141 1256 Num
1163 1211 1253 1270 prater
1276 1208 1388 1272 publicas
1407 1212 1590 1265 criminationes
1611 1214 1734 1278 quandam

953 1301 1028 1352 etiarn
1040 1301 1163 1365 priuatam
1175 1318 1205 1355 ae
1221 1311 1346 1359 recentem
1355 1323 1475 1374 ,caussam
1488 1312 1603 1374 ilabebat,
1616 1314 1648 1363 ob
1659 1327 1734 1376 quarn

954 1397 1062 1462 plebeios
1071 1401 1161 1451 merito
1174 1401 1258 1453 odisse
1270 1405 1407 1459 ridebatur.
1442 1409 1636 1462 Pronirnisenin
1652 1414 1731 1463 comi-

953 1496 994 1547 tiis
1005 1497 1028 1548 ei
1047 1498 1204 1550 consulatum
1220 1503 1362 1564 pelenti,et
1379 1506 1496 1569 patricios
1516 1508 1680 1573 suffragantes
1694 1510 1734 1560 ba-

952 1599 1029 1661 benti,
1039 1599 1247 1663 piebsadversata
1257 1605 1431 1668 magistratum
1443 1607 1511 1658 illum
1524 1609 1576 1658 dari
1586 1623 1635 1659 non
1648 1623 1734 1661 cense-

951 1695 1003 1756 bat,
1014 1709 1044 1745 ne
1059 1697 1122 1746 torte
1138 1702 1269 1761 propterea
1277 1700 1370 1763 aliquid
1380 1716 1463 1752 rerum
1473 1718 1594 1755 nouarum
1605 1707 1734 1757 rraoliretur

951 1795 976 1840 et
986 1790 1139 1843 tribunitiam
1149 1796 1297 1855 potestatem
1311 1801 1434 1847 everteret
1445 1818 1451 1848 :
1463 1803 1588 1864 praecipue
1598 1817 1656 1852 roro
1666 1803 1732 1865 quod
1786 1806 1789 1811 ’

954 1897 1012 1934 eum
1024 1883 1129 1935 timebat
1142 1891 1242 1952 propter
1259 1887 1370 1938 studium
1388 1891 1538 1942 acerrimum
1557 1909 1607 1957 quo
1619 1895 1733 1958 patricio-

955 1993 1010 2029 rum
1020 1979 1153 2031 multitudo
1165 1984 1193 2032 ut
1202 1982 1265 2034 nulii
1275 1983 1385 2047 priorum
1396 1985 1586 2037 candidatorum
1596 1990 1618 2039 ei
1628 1989 1731 2041 lauerat.

955 2074 998 2124 llie
1009 2074 1083 2138 igitur
1092 2076 1125 2126 ob
1135 2076 1199 2129 bane
1209 2082 1385 2133 contumeliam
1397 2083 1432 2132 ira
1444 2084 1562 2148 percitus,
1574 2090 1599 2136 et
1612 2090 1732 2139 mutatam

950 2170 1729 2247 reipubiieetormaminprtsunnmsutumresutuerecupiens,

950 2270 1015 2336 ipse,
1027 2275 1055 2322 ut
1068 2275 1140 2324 antea
1153 2275 1215 2336 dixi,
1229 2282 1314 2340 aperte
1327 2279 1423 2344 plebem
1435 2282 1608 2345 oppugnabat,
1625 2281 1731 2345 eiusque

949 2370 1084 2432 potentiam
1092 2375 1206 2422 evertere
1215 2374 1340 2434 studebat,
1350 2377 1461 2440 aliosque
1471 2377 1502 2427 ad
1512 2377 1578 2427 idem
1589 2377 1730 2428 iaciendum

949 2464 1099 2530 impellebat.
1129 2477 1236 2535 Jamque
1250 2473 1316 2523 cirea
1329 2475 1472 2526 sebabebat
1487 2476 1594 2526 ualidam
1610 2476 1730 2529 sodalita-

949 2573 1001 2622 tem
1015 2572 1135 2623 nobilium
1153 2574 1282 2637 invenum,
1296 2592 1404 2641 quorum
1418 2580 1544 2631 maximus
1560 2585 1614 2634 erat
1640 2596 1730 2634 census

949 2671 975 2718 et
988 2667 1081 2731 amplas
1098 2669 1233 2732 clientelas,
1253 2687 1315 2736 quas
1334 2674 1429 2727 militia
1445 2677 1575 2727 commoda
1596 2677 1631 2727 illi
1648 2679 1730 2730 conci·

948 2765 1038 2815 iterant
1053 2785 1060 2815 ε
1074 2766 1164 2829 quibus
1178 2770 1258 2820 elatus
1272 2771 1408 2824 ferociebat
1419 2777 1444 2824 et
1457 2773 1564 2825 illustris
1585 2778 1637 2825 erat
1657 2778 1683 2826 et
1697 2777 1730 2828 ad

949 2861 1082 2913 maximam
1101 2864 1237 2917 claritatem
1254 2870 1387 2931 provectus
1400 2872 1448 2921 est.
1483 2872 1661 2924 Verumtamen
1673 2889 1727 2939 pro·

949 2966 1032 3028 pterea
1042 2963 1143 3015 minime
1159 2966 1254 3017 felicem
1270 2982 1351 3019 rerum
1362 2972 1458 3022 exitum
1469 2971 1566 3023 habuit.
1600 2976 1661 3024 llam
1672 2970 1735 3025 eum'

948 3055 996 3106 bae
1008 3056 1040 3106 de
1057 3070 1145 3109 caussa
1163 3062 1265 3112 senaim
1287 3067 1388 3114 coactus
1406 3069 1487 3126 esset,
1506 3069 1532 3115 et
1553 3069 1613 3116 natu
1627 3069 1729 3119 maximi

948 3165 979 3201 ex
989 3152 1138 3216 moreprimi
1148 3156 1284 3207 sententias
1296 3171 1356 3208 suas
1364 3158 1494 3220 dixissent,
1507 3158 1571 3210 inter
1581 3175 1645 3224 quos
1655 3165 1728 3226 pauci

947 3249 1049 3314 quidam
1069 3251 1181 3314 fuerunt,
1196 3255 1239 3317 qui
1253 3257 1338 3319 aperte
1350 3256 1487 3323 contrarias
1507 3257 1572 3322 plebi
1592 3263 1728 3312 sententias

947 3346 1066 3406 dicerent,
1082 3347 1126 3397 ubi
1138 3349 1169 3398 ad
1186 3349 1295 3401 iuniores
1310 3356 1411 3403 rentum
1426 3359 1474 3416 est,
1489 3355 1539 3416 ille,
1555 3356 1631 3419 petila
1644 3370 1659 3407 a
1670 3371 1726 3407 con·

948 3442 1044 3491 sulibus
1058 3442 1129 3491 venia
1147 3445 1172 3494 et
1189 3444 1307 3496 facultate
1329 3447 1441 3509 dicendi,
1460 3463 1615 3514 quaecuuque
1637 3452 1724 3512 vetet,

947 3538 1061 3589 omnibus
1093 3541 1208 3593 alacriter
1234 3547 1400 3597 annuentibus
1426 3552 1452 3599 et
1477 3553 1585 3600 ntmntas
1608 3565 1681 3602 aures
1704 3554 1727 3605 ei

945 3637 1123 3704 praebentibus,
1135 3641 1210 3692 talem
1220 3643 1361 3696 concionem
1375 3651 1462 3697 eontra
1480 3649 1578 3713 plebem
1598 3650 1692 3702 babuit.

978 3831 1155 3881 xx11.«tton
1176 3827 1324 3880 necessitate
1345 3829 1457 3894 ineptave
1479 3835 1591 3883 maetam
1612 3832 1732 3897 plebem,

947 3931 960 3955 ι
976 3913 1060 3975 patres
1072 3907 1217 3973 conscripti,
1248 3907 1292 3960 seri
1315 3922 1393 3973 prava
1417 3924 1461 3976 spe
1479 3913 1570 3963 elatam
1593 3916 1732 3968 secessisse
1765 3915 1770 3936 ’-

948 4021 960 4043 ι
976 3998 1041 4063 quod
1062 4000 1175 4049 rostrum
1201 3997 1349 4063 optimatum
1373 4001 1466 4050 statum
1482 4015 1497 4051 a
1513 4016 1541 4053 se
1563 4016 1678 4054 euersum
1693 4004 1722 4054 iri

947 4109 960 4134 ιι
975 4084 1102 4152 sperabat,
1119 4098 1196 4148 seque
1213 4097 1297 4135 rerum
1312 4085 1422 4136 omnium
1436 4086 1467 4137 ad
1483 4088 1627 4152 reipublice
1638 4090 1731 4156 guber·-

946 4200 959 4224 ιι
973 4178 1062 4230 nacula
1075 4173 1254 4241 pertinentium
1271 4172 1397 4223 dominam
1409 4172 1461 4224 tore
1473 4175 1585 4239 putabat,
1599 4178 1731 4239 existimes

948 4288 960 4311 ι
976 4282 1022 4318 ros
1047 4267 1123 4316 tenne
1144 4274 1231 4312 omues
1267 4258 1411 4323 cognouisse
1437 4260 1555 4324 capacis
1578 4264 1724 4314 conditioni·-

946 4376 959 4401 ιι
972 4356 1035 4412 bus,
1047 4354 1138 4419 quibus
1155 4365 1210 4402 eam
1236 4351 1304 4398 lanta
1323 4346 1459 4397 obtinuisse
1481 4348 1578 4400 ridetis.
1611 4352 1729 4409 Quando·-

946 4469 958 4493 ·
976 4448 1076 4514 quidem
1099 4462 1148 4498 non
1166 4445 1228 4497 satis
1244 4443 1279 4493 itti
1295 4440 1343 4492 fuit
1371 4440 1472 4490 fidenae
1491 4438 1658 4490 contractibus
1679 4440 1723 4491 toi·
1776 4497 1779 4501 .

946 4559 958 4583 ιι
974 4539 1038 4599 lere,
1053 4541 1078 4590 et
1089 4536 1155 4601 teges
1175 4536 1207 4586 de
1221 4535 1260 4584 bis
1279 4535 1342 4585 lates
1356 4533 1490 4594 abrogare,
1507 4534 1533 4579 et
1543 4530 1567 4579 in
1582 4528 1621 4578 bis
1634 4528 1723 4578 saltem

945 4647 958 4671 ιι
970 4627 1143 4693 acquiscere
1156 4626 1301 4678 aeduorum
1313 4623 1387 4674 etiarn
1405 4619 1577 4684 magistratum
1593 4617 1723 4667 constituit

945 4738 958 4762 ι
971 4721 1002 4769 nt
1016 4718 1174 4768 consulatum
1198 4715 1296 4766 tolieret
1311 4725 1417 4775 eumque
1441 4709 1494 4771 tege
1516 4706 1565 4756 iata
1578 4715 1721 4755 sacrosanc-

944 4827 957 4852 ιι
971 4811 1024 4858 turn
1041 4806 1107 4866 fecit,
1124 4806 1195 4869 isque
1207 4817 1272 4854 nunc
1290 4801 1381 4853 recenti
1399 4797 1526 4864 plebiscito
1546 4808 1589 4857 per
1610 4795 1719 4841 vestram

944 4915 956 4941 ιι
972 4895 1177 4960 imprudentiam,
1190 4896 1274 4959 patres
1286 4890 1432 4954 conscripti,
1451 4883 1575 4949 tyrannica
1600 4880 1720 4971 potestate

943 5006 956 5031 ιι
970 4989 1010 5036 εει
1022 4985 1143 5034 demotus.
1179 4983 1241 5032 cum
1251 4981 1317 5031 enirn
1331 4974 1423 5027 tribuni
1433 4971 1512 5037 plebis
1522 4967 1633 5016 maximae
1644 4963 1722 5014 bmua

943 5070 1099 5137 «potestatis
1120 5068 1256 5132 speciosam
1276 5076 1389 5116 caussam
1412 5055 1579 5125 praetendant,
1604 5049 1719 5104 uidelicet

943 5177 956 5202 ι
970 5160 998 5208 ut
1011 5154 1112 5220 plebeiis
1126 5154 1240 5206 iniuriam
1250 5148 1398 5217 patientibus
1412 5158 1486 5211 opem
1498 5143 1586 5203 terant,
1597 5145 1623 5192 et
1635 5144 1724 5190 tamen

943 5265 956 5291 ι
970 5246 1018 5296 bac
1031 5245 1154 5309 potestate
1167 5241 1297 5292 abutentes
1311 5236 1385 5301 agant
1393 5237 1418 5286 el
1430 5233 1518 5292 remu,
1530 5221 1723 5354 οοίρρῶθθμῶ
1743 5284 1747 5291 ,
1768 5316 1781 5343 t

1719 5462 1725 5473 -
1770 5398 1815 5489 at
