3772 5828
612 349 906 424 ANTIQUITATUM
927 350 1074 411 nuttAN.
1099 351 1172 411 Llss.
1195 354 1233 412 ll.

113 479 216 556 καλαί,
233 481 266 539 δι’
283 480 315 546 ἃς
335 480 394 539 οὔτε
412 480 513 540 παίδοιν
533 483 624 546 αύταῖς
646 483 702 540 ἐστι
728 482 805 547 πόθος
829 481 888 540 ούτε

115 572 218 648 γάμων.
260 569 397 684 Τιμωρίαι
412 570 437 627 τ’
459 570 502 627 ἐπὶ
518 574 571 636 τοῖς
585 568 810 652 ἁμαρτανομένοις
820 577 891 629 κεῖν-

115 682 159 718 τοι
177 659 311 736 μεγάλαι,
331 683 368 717 ων
388 657 526 726 ἐξετασταί
545 682 573 717 τε
603 658 648 716 καὶ
672 658 800 717 κολασταί
823 656 892 717 κατδι

115 745 193 823 νόμον
213 745 278 805 είσίν
305 747 329 804 οἱ
347 746 514 824 ἱεροφάνται,
542 745 588 812 τδς
617 744 664 822 μὲν
694 745 759 804 άλλο
785 769 811 804 τι
840 749 892 804 τῶν

77 851 90 889 s
116 832 261 892 ἐλαττόνων
279 831 481 912 ἁμαρτανούσας
502 830 606 912 ράόδοις
628 836 828 911 μαστιγοῦντες,
847 831 893 898 τδς

117 921 145 980 δέ
173 921 314 1001 φθαρείσας
339 921 469 1001 αἰσχίστῳ
498 944 527 979 τι
550 921 595 979 καὶ
623 921 787 1000 ἐλεεινοτάτῳ
807 943 893 1000 παροι-

119 1011 233 1077 διδόντις
251 1011 365 1090 θανάτῳ.
409 1009 501 1069 Ζῶσαι
518 1011 569 1089 γάρ
593 1009 632 1068 ἔτι
650 1011 828 1087 πομπεύουσιν
849 1008 892 1067 ἐπὶ

116 1097 208 1168 κλίνης
230 1098 369 1178 φερόμεναι
398 1096 446 1167 τὴν
472 1096 693 1174 ἀποδεδειγμένην
713 1104 767 1164 τοῖς
793 1104 894 1177 νεκροῖς

117 1184 246 1265 ἐκφοράν,
267 1186 483 1244 ἀνακλαιομένων
512 1184 593 1253 αύτδς
613 1184 658 1245 καῖ
683 1187 892 1266 προπεμπόντων

63 1300 88 1337 ιο
116 1275 198 1354 φιλων
219 1276 312 1334 τεκαὶ
333 1278 480 1352 συγγενῶν·
501 1276 667 1350 κομισθεῖσαι
687 1274 714 1333 δὲ
744 1277 823 1355 μέχρι
846 1279 894 1348 τῆς

118 1365 246 1435 Κολλίνης
273 1363 358 1435 πύλης
377 1364 448 1431 ἐντὸς
468 1362 535 1446 [τοῦ]
565 1363 667 1443 τείχους
686 1366 721 1430 είς
742 1365 822 1435 σηκὸν
842 1363 893 1422 ὑπὸ

113 1455 163 1528 γῆς
187 1452 430 1528 κατεσκευασμένον
461 1452 517 1529 ἅμα
547 1460 599 1518 τοῖς
629 1450 757 1531 ἐνταφίοις
786 1450 894 1528 κόσμοις

120 1541 255 1612 τίθενται,
274 1538 320 1598 καῖ
334 1538 389 1599 οὔτ’
409 1540 586 1617 ἐπιστήματος
604 1538 659 1598 οὔτ’
678 1541 826 1618 ἐναγισμῶν
838 1537 893 1598 οὔτ’

119 1628 200 1687 άλλου
219 1631 272 1687 τῶν
302 1628 422 1704 νομίμων
446 1628 547 1695 οῦδενδς
578 1628 748 1707 τυγχάνουσι,
802 1629 894 1688 Πολλά

64 1737 90 1776 rs
119 1719 166 1796 μὲν
186 1710 230 1777 οῦν
272 1719 317 1777 καί
343 1719 411 1777 ἄλλα
439 1720 509 1776 δοκεῖ
529 1718 664 1795 μηνύματ’
684 1708 753 1776 εἱναι
779 1722 825 1789 τῆς
844 1718 895 1797 οὐχ

117 1807 193 1873 θαίως
208 1807 389 1885 ὑπηρετούσης
408 1808 462 1874 τοῖς
476 1809 565 1887 ἱεροῖς,
586 1807 701 1882 μάλιστα
722 1807 747 1865 δ’
766 1812 783 1879 ἡ
804 1805 894 1872 σῦίσις

118 1901 164 1954 τοῦ
185 1895 276 1973 πυρός,
297 1894 405 1975 θνθπίρ
425 1895 529 1953 ἅπαντα
553 1894 586 1953 τδι
606 1896 675 1953 δεινὰ
695 1893 826 1972 Ῥωμαῖοι
847 1894 893 1953 δε·

120 1984 239 2041 δοίκασιν
268 1985 417 2064 ἀφανισμοῦ
437 1989 483 2055 τῆς
501 1985 602 2050 πόλεως
630 1991 739 2061 σημεῖον
767 1986 893 2060 ὑπολαμ-

120 2069 248 2145 όάνοντες,
268 2075 313 2152 ἀφ’
331 2065 362 2145 ἧς
390 2075 450 2130 ποτ’
471 2071 503 2129 διν
522 2072 607 2139 αἰτίας
621 2074 746 2150 γένηται,
765 2072 809 2131 καί
829 2073 895 2130 πολ-

65 2186 92 2228 20
119 2161 177 2226 λαῖς
195 2160 259 2219 αὐτὸ
278 2162 430 2240 θεραπείαις
454 2159 651 2237 ἐξιλασκόμενοι
671 2161 817 2240 κατάγουσι
836 2161 892 2219 πά-

117 2249 158 2306 λιν
178 2251 214 2317 είς
232 2249 262 2308 τὸ
279 2250 365 2330 ἱερόν·
387 2249 452 2328 ύπέρ
470 2240 506 2307 ῶν
525 2249 595 2308 κατδι
623 2250 668 2308 τδν
689 2251 782 2309 οίκεῖον
803 2249 894 2328 καιρδν

118 2337 181 2415 ἐρῶ.

157 2426 287 2487 LXVIII.
302 2425 380 2485 Πάνυ
391 2426 414 2482 δ’
426 2424 496 2491 άξιον
508 2424 553 2482 καῖ
563 2424 610 2495 τὴν
621 2425 773 2502 ἐπιφάνειαν
787 2426 896 2504 ἱστορῆ-

122 2536 167 2571 σοιι
183 2517 229 2580 τῆς
240 2518 312 2586 θεᾶς,
324 2513 358 2583 ἢν
375 2510 524 2578 ἐπεδείξατο
534 2521 590 2579 ταῖς
610 2512 705 2578 ἀδίκως
720 2512 898 2589 ἐγκληθείσαις

63 2615 92 2653 κε
123 2598 270 2675 παρθένοις.
313 2596 494 2659 Πεπίστευται
504 2600 555 2679 γάρ
569 2601 618 2659 θπδ
632 2598 792 2675 Ῥωμαίων,
812 2601 834 2657 ti
850 2599 896 2659 καί

125 2684 337 2762 παράδοξ’ἐστλ,
366 2686 411 2744 καί
442 2687 522 2746 πολὺν
551 2689 707 2758 πεποίηνται
735 2688 812 2765 λόγον
832 2688 897 2767 θπὲρ

123 2776 213 2832 αὐτῶν
236 2776 260 2831 οἱ
281 2783 449 2855 συγγραφεῖς.
499 2771 581 2836 Ὅσοι
601 2775 648 2853 μὲν
668 2766 712 2835 οῦν
735 2776 783 2845 τδις
808 2776 897 2845 ἀθέους

120 2862 234 2919 οῖσκοῦσι
248 2861 410 2942 φιλοσοφίας,
431 2865 456 2921 εί
474 2861 505 2934 δὴ
521 2866 567 2923 καί
587 2865 740 2947 φιλοσοφίας
759 2864 839 2932 αὗτδς
858 2866 897 2924 δεῖ

119 2949 225 3020 καλεῖν,
240 2948 347 3015 ἁπάσας
367 2951 529 3029 διασύροντες
539 2951 586 3018 τδς
604 2952 754 3032 ἐπιφανείας
763 2956 815 3011 τῶν
832 2955 896 3013 θεῶν

69 3053 95 3093 ευ
119 3035 166 3101 τδις
184 3040 248 3114 παρ’
264 3036 427 3110 Ἕλλησινῆ
448 3040 590 3120 βαρύάροις
603 3040 753 3118 γενομένας,
773 3040 819 3100 καλ
832 3042 897 3100 ταύ-

121 3148 166 3190 τας
186 3128 221 3191 εἰς
254 3126 356 3202 γέλωτα
384 3125 465 3186 πολύν
490 3127 579 3196 άξουσι
602 3128 649 3196 τδς
673 3129 804 3210 ἱστορίας,
826 3132 896 3187 άλα-

120 3215 229 3281 ζονείαις
259 3213 433 3293 ἀνθρωπίναις
464 3217 543 3283 αὐτάς
563 3217 738 3293 ἀνατιθέντες,
759 3222 794 3284 ῶς
813 3218 898 3277 οὐδενὶ

121 3305 185 3360 θεῶν
206 3302 285 3378 μέλον
314 3303 458 3383 ἀνθρώπων
482 3306 600 3371 οῦδενός’
625 3303 681 3364 ὅσοι
709 3308 733 3364 δ’
760 3309 806 3365 οὐκ
831 3309 896 3365 άπο·

122 3389 211 3448 λύουσι
226 3395 272 3462 τῆς
291 3391 455 3470 ἀνθρωπίνης
470 3394 620 3468 ἐπιμελείας
642 3394 702 3460 τοῦς
723 3393 809 3466 θεοὺς,
826 3394 895 3451 elli

69 3494 95 3532 ab
123 3480 168 3535 καῖ
193 3478 245 3543 τοῖς
268 3483 375 3556 ἀγαθοῖς
399 3479 513 3554 εὐμενεῖς
531 3470 598 3538 εῖναι
618 3482 751 3556 νομίζουσι
780 3481 825 3539 καί
844 3490 898 3547 τοῖς

123 3573 217 3632 κακοῖς
240 3567 388 3644 δυσμενεῖς,
415 3566 457 3626 διά
480 3568 580 3638 πολλῆς
604 3567 757 3637 ἐληλυθότες
781 3570 897 3648 ἱστορίας

126 3650 185 3710 οὐδὲ
207 3652 301 3720 ταύτας
318 3654 499 3735 ὑπολήψονται
521 3654 570 3720 τδς
589 3656 739 3736 ἱπιφανείας
753 3647 819 3714 εἶναι
831 3658 896 3715 ἀπί-

126 3763 219 3805 στους.
260 3741 373 3822 Λέγεται
394 3743 507 3814 δήποτε
528 3749 574 3801 τοῦ
597 3744 677 3822 πυρδς
695 3745 843 3812 ἐκλιπόντος
864 3748 898 3804 δι’

124 3827 264 3906 ὀλιγωρίαν
276 3830 334 3888 τινλ
347 3836 394 3902 τῆς
409 3830 464 3889 τότ’
480 3830 543 3889 αῦτδ
558 3832 739 3911 φυλαττούσης
755 3832 895 3908 Αἰμιλίας,

67 3951 95 3990 tu
124 3917 200 3999 ἑτέρα
217 3920 337 4002 παρθένῳ)
356 3923 408 3979 τῶν
430 3922 524 3980 νεωστί
544 3923 751 4000 κατειλεγμένων
771 3923 816 3980 καὶ
839 3921 898 4001 άρτε

123 4010 310 4081 μανθανουσῶν
339 4009 506 4087 παραδούσης
526 4006 574 4079 τὴν
604 4010 764 4086 ἐπιμέλειαν,
792 4011 897 4091 ταραχαίι

124 4093 211 4163 πολλὴ
230 4094 430 4171 γενέσθαικατὰ
458 4096 506 4167 τὴν
527 4096 602 4154 πόλιν
620 4095 701 4171 ῦλην,
722 4096 768 4155 καί
790 4099 897 4167 ζήτησις

122 4178 174 4238 bai
194 4185 246 4239 τῶν
257 4185 429 4263 ἱεροφαντῶν,
446 4184 523 4261 μήτι
540 4182 646 4260 μίασμα
661 4185 720 4261 περὶ
741 4183 771 4242 τὸ
785 4188 837 4262 πῦρ
853 4189 898 4253 τῆς

121 4268 217 4345 ἱερείας
238 4269 363 4348 ἐτύγχανε
382 4271 496 4350 γεγονός.
510 4266 596 4331 Ἔνθα
616 4271 647 4342 δή
667 4294 732 4352 φασι
751 4270 799 4342 τὴν
819 4273 899 4349 Αίμι·

68 4378 96 4417 ts
122 4355 182 4416 λίαν
211 4356 327 4417 ἀναίτιον
353 4358 400 4436 μέν
425 4349 522 4431 οῦσαν,
551 4360 733 4439 ἀπορουμένην
763 4359 786 4418 δ’
801 4359 844 4418 ἐπί
859 4362 897 4439 τῷ

123 4444 318 4521 συμόεόηκότι,
332 4447 469 4528 παρόντων
483 4450 535 4506 τῶν
552 4448 642 4527 ἱερέων
665 4448 710 4506 καλ
733 4452 786 4507 τῶν
811 4448 898 4508 ἄλλων

124 4535 262 4611 παρθένων
276 4535 321 4602 τάς
331 4547 422 4616 χεῖρας
445 4536 489 4595 ἐπὶ
512 4536 556 4596 τόν
579 4537 668 4615 βωμὸν
687 4537 838 4597 ἐκτείνασαν
861 4540 897 4596 εί·

124 4628 198 4678 πεῖν·
215 4650 228 4675 ιι
245 4621 339 4683 Ἑστία
359 4628 405 4695 τῆς
423 4622 566 4702 Ῥωμαίων
586 4626 688 4692 πόλεως
704 4624 798 4705 φύλαξ,
812 4627 835 4684 εί
849 4626 897 4703 μὲν

124 4735 138 4758 ¹
153 4708 230 4777 ὁσίως
250 4711 295 4770 καί
309 4713 414 4778 δικαίως
428 4712 598 4772 ίπιτιτέλεκά
618 4735 660 4771 σοι
677 4712 710 4771 τά
727 4712 784 4792 ἱερά
805 4712 898 4792 χρόνον

70 4815 98 4853 ευ
125 4822 138 4849 ο
153 4796 235 4942 όλῳῳ
257 4800 347 4858 δέοντα
367 4806 600 4879 τριακονταετοῦς,
627 4801 671 4859 καῖ
690 4801 778 4882 ψυχὴν
800 4802 898 4881 ἐχουσα

124 4910 136 4934 α
153 4905 188 4941 κα
206 4886 272 4964 «φὰν
294 4886 339 4944 καί
355 4889 427 4964 σῶμ’
444 4888 534 4965 ἁγνὸν,
552 4889 693 4968 ἐπιφάνηθί
716 4913 760 4965 μοι
774 4889 819 4948 καί
836 4894 852 4970 β
867 4889 899 4962 η·

125 4996 138 5021 ι
155 4970 235 5041 θησόν
259 4995 289 5048 γε
316 4974 361 5031 καὶ
391 4973 429 5049 μὴ
451 4971 570 5055 περιίδῃς
587 4974 636 5046 τὴν
664 4980 776 5045 σεαυτῆς
802 4976 899 5054 ἱέρειαν

129 5083 141 5108 ·
157 5058 200 5116 τόν
214 5061 344 5119 οἴκτιστον
364 5061 443 5142 μόρον
459 5065 653 5122 ἀποθανοῦσαν·
676 5066 698 5123 εἰ
719 5065 742 5122 δ’
758 5064 860 5122 ἀνόσιόν
874 5086 899 5121 τι

124 5172 135 5196 ν
153 5144 304 5227 πέπρακταί
326 5170 381 5224 μοι,
394 5159 451 5217 ταῖς
475 5152 551 5227 ἐμαῖς
573 5151 713 5232 τιμωρίαις
731 5152 761 5210 τὸ
785 5153 830 5223 τῆς
845 5151 896 5210 πό-

1662 357 1718 415 tlt

944 513 993 562 que
1011 500 1143 550 liberorum
1165 512 1244 561 neque
1263 498 1403 562 nuptiarum
1423 497 1572 547 desiderium
1586 512 1627 548 eas
1643 499 1720 553 subit.

946 599 1040 648 Graves
1063 601 1145 646 autem
1166 596 1310 645 delictorum
1340 607 1422 657 ponas
1453 595 1554 643 statutae
1581 597 1720 657 suntque·

946 704 1002 741 rurn
1021 691 1167 754 quaesitores
1199 694 1224 740 et
1252 688 1360 739 vindices
1380 702 1412 738 ex
1436 687 1531 751 tegibus
1555 691 1613 737 snut
1638 690 1720 751 ponti-

947 787 1005 838 tioes
1031 806 1037 836 ι
1066 787 1126 837 alios
1147 786 1259 851 quidem,
1291 799 1347 850 qun
1369 786 1456 836 leviter
1477 786 1616 850 peccarint,
1644 787 1724 851 tlagris

946 886 1083 945 cedentem
1097 898 1139 935 eas
1154 897 1228 943 vero,
1247 898 1304 948 qure
1326 888 1440 948 stuprum
1460 898 1538 949 passas
1551 885 1654 948 tuerint,
1677 886 1724 936 tce-

947 981 1049 1033 disstmo
1066 986 1092 1032 et
1110 982 1249 1032 uriserrimo
1271 983 1359 1033 mortis
1382 997 1470 1047 genere
1490 988 1613 1034 necantes.
1657 986 1724 1034 tlirn

947 1079 1011 1128 enlm
1026 1079 1051 1128 in
1063 1078 1136 1138 beto,
1151 1091 1199 1127 uon
1214 1079 1286 1128 aliter
1299 1080 1376 1141 atque
1398 1085 1513 1142 mortua,
1527 1080 1623 1130 funebri
1637 1094 1724 1144 pompa

947 1175 1094 1236 elteruntur,
1116 1175 1265 1226 debentibus
1277 1189 1321 1240 vens
1335 1181 1359 1226 et
1379 1179 1583 1242 prosequentibus
1598 1179 1682 1229 amicis
1700 1183 1726 1229 et

947 1276 1067 1338 cognatis.
1112 1273 1207 1325 Delatus
1224 1277 1307 1325 autem
1325 1288 1405 1338 usque
1421 1275 1453 1324 ad
1468 1279 1564 1338 portam
1587 1275 1725 1335 Collinam,

948 1374 1012 1424 intra
1029 1373 1119 1423 rnnnia
1144 1374 1168 1422 lu
1189 1371 1250 1422 ralla
1269 1372 1428 1422 subterranea
1442 1385 1498 1421 cum
1518 1372 1633 1423 omnibus
1653 1375 1725 1425 lune·

948 1469 1034 1520 bribus
1055 1470 1206 1519 ornamentis
1230 1467 1391 1532 sepeliuntur,
1415 1467 1468 1519 stne
1485 1472 1653 1529 monumento,
1673 1471 1726 1521 sine

947 1565 1123 1630 parentatione,
1138 1564 1244 1627 denique
1256 1565 1308 1614 sine
1321 1563 1370 1614 ulta
1381 1563 1428 1615 otia
1437 1577 1474 1624 re,
1486 1577 1542 1627 qun
1555 1564 1726 1614 detunctorum

947 1663 1060 1713 manibus
1078 1662 1130 1712 dori
1144 1662 1230 1712 solent.
1265 1664 1345 1724 Atque
1361 1675 1391 1711 ex
1401 1662 1487 1711 multis
1504 1662 1557 1712 aliis
1574 1662 1672 1713 iudiciis
1687 1675 1728 1712 co·

949 1758 1032 1823 gnossi
1055 1761 1137 1821 potest
1152 1772 1183 1808 au
1196 1758 1318 1807 sacerdos
1333 1761 1416 1807 sancte
1433 1761 1459 1807 et
1480 1758 1518 1822 pie
1532 1757 1568 1807 rei
1580 1771 1728 1823 sacrreope·

948 1868 1001 1904 ram
1014 1853 1119 1916 navarit,
1137 1853 1258 1917 precipue
1268 1865 1329 1902 vero
1345 1865 1376 1902 ex
1394 1852 1455 1915 ignis
1467 1853 1644 1914 exstinctione;
1657 1855 1725 1918 quod

950 1955 1042 2004 malum
1055 1953 1157 2003 Romani
1169 1951 1274 2002 maxime
1288 1951 1397 2001 omnium
1410 1949 1555 2010 formidant,
1570 1953 1615 2000 rati
1630 1951 1654 2000 id
1667 1964 1729 2015 quo·

949 2052 1130 2114 modocumque
1154 2048 1271 2099 acciderit
1295 2046 1419 2098 excidium
1447 2045 1541 2096 civitati
1566 2047 1725 2110 portendere,

948 2149 1092 2213 magnisque
1106 2145 1272 2197 delinimentis
1280 2149 1306 2196 et
1319 2143 1490 2194 curationibus
1498 2144 1633 2207 placantes,
1643 2143 1727 2208 iguem

949 2249 974 2296 in
991 2246 1111 2309 templum
1130 2245 1253 2306 referunt,
1274 2244 1366 2308 quibus
1382 2243 1413 2293 de
1433 2242 1508 2292 rebus
1521 2255 1566 2291 suo
1582 2242 1636 2290 loco
1653 2256 1668 2290 a
1688 2255 1727 2291 me

948 2344 1053 2394 dicetur.

981 2442 1088 2491 lelll.
1107 2440 1282 2503 Dignissimnm
1294 2443 1378 2488 autem
1390 2440 1429 2488 est
1442 2437 1509 2501 qnod
1528 2416 1636 2487 tristorioe
1655 2450 1728 2487 men·

949 2538 1031 2598 detur,
1044 2536 1167 2600 quomodo
1184 2536 1237 2599 ipsa
1252 2534 1298 2583 dea
1311 2533 1447 2597 uirginibus
1466 2533 1527 2582 salso
1540 2533 1660 2583 recusatis
1672 2546 1728 2582 ma·

949 2635 1062 2685 nitestnm
1074 2647 1146 2698 opem
1158 2632 1252 2682 tulerit.
1286 2633 1389 2682 Romani
1408 2633 1472 2681 eubn
1484 2630 1531 2680 boo
1548 2630 1660 2691 creduut,
1672 2630 1728 2680 lieet

949 2727 1091 2778 incredibile
1102 2729 1142 2787 sit,
1153 2731 1178 2777 et
1186 2740 1269 2777 rerum
1280 2726 1410 2790 scriptores
1419 2726 1456 2774 tris
1465 2725 1496 2774 dc
1506 2724 1580 2774 rebus
1590 2722 1665 2772 multa
1672 2737 1728 2786 pro

949 2824 1072 2875 diderunt.
1099 2828 1179 2887 Atque
1200 2823 1217 2873 ii
1229 2824 1271 2886 qui
1291 2824 1373 2888 inopiae
1386 2822 1544 2886 philosophice
1559 2821 1728 2884 daotoperam

951 2923 985 2985 (si
995 2926 1077 2972 tamen
1087 2935 1116 2972 ea
1128 2921 1316 2984 cstuppellaude
1324 2915 1725 2985 pbilosoptria),eumludibriobu·

950 3021 1024 3070 beant
1042 3017 1160 3083 quidquid
1180 3019 1211 3067 dc
1233 3019 1364 3082 praesentia
1381 3017 1457 3065 divini
1472 3014 1579 3064 numinis
1600 3016 1644 3061 out
1662 3013 1727 3077 apud

950 3120 1049 3167 Grcecos
1061 3120 1104 3166 sut
1115 3117 1178 3180 apud
1191 3117 1308 3166 barbaros
1321 3115 1435 3172 traditur,
1448 3114 1491 3162 tras
1502 3125 1600 3174 quoque
1614 3109 1729 3159 historias

951 3217 1021 3267 valde
1033 3217 1183 3277 irridebunt,
1205 3217 1318 3265 trumanne
1332 3213 1474 3275 arrogantiae
1492 3224 1534 3259 eas
1552 3208 1729 3270 adscribentes,

950 3313 1008 3376 quia
1030 3328 1070 3364 res
1091 3314 1206 3363 bumauae
1220 3312 1280 3362 nulli
1296 3312 1399 3360 deorum
1418 3309 1467 3357 sint
1485 3321 1563 3358 ουτω.
1599 3307 1647 3364 Qui
1668 3321 1730 3358 uero

950 3408 1010 3458 deus
1040 3408 1072 3458 de
1096 3408 1236 3458 hominibus
1262 3405 1379 3455 sollicitos
1407 3417 1460 3453 esse
1489 3416 1622 3464 eorumque
1641 3416 1727 3452 curam

951 3505 1041 3555 babere
1061 3503 1218 3564 existimant,
1245 3504 1320 3564 atque
1350 3499 1409 3549 viris
1436 3498 1519 3563 probis
1556 3497 1673 3561 propitios
1702 3501 1728 3548 et

952 3600 1071 3664 improbis
1088 3599 1195 3649 intensos
1223 3596 1390 3653 arbitrantur,
1417 3597 1473 3656 post
1496 3592 1630 3642 multarum
1643 3605 1727 3642 rerum

950 3700 1141 3765 explorationem
1174 3712 1204 3748 ne
1227 3698 1273 3746 tras
1294 3696 1394 3759 quidem
1409 3694 1462 3743 dere
1476 3692 1621 3756 presentiae
1640 3692 1725 3745 iucre-

950 3799 1038 3851 dibiles
1056 3797 1207 3847 iudicabunt.
1244 3797 1331 3844 Fertur
1353 3794 1436 3855 igitur,
1462 3793 1584 3856 quondam
1603 3792 1658 3856 igne
1681 3805 1727 3842 ex·

950 3898 1040 3949 stincto
1048 3896 1080 3945 cb
1092 3895 1216 3958 quandam
1225 3891 1394 3956 negligentiam
1406 3890 1522 3952 Emitte,
1535 3904 1590 3955 quen
1599 3894 1659 3940 tunc
1671 3904 1728 3941 eum

951 3993 1112 4053 custodiebat,
1139 4005 1244 4056 quinque
1261 3990 1331 4040 alteri
1354 3989 1439 4053 virgini
1464 4002 1540 4052 nuper
1558 3989 1582 4037 in
1607 3989 1728 4051 virgiuum

950 4095 1085 4145 vestalium
1099 4092 1210 4142 ordinem
1228 4092 1350 4154 cooptatur
1363 4093 1389 4139 et
1405 4088 1487 4138 adhuc
1499 4087 1601 4138 discenti
1617 4089 1670 4140 eius
1684 4103 1727 4138 cu-

953 4207 1005 4242 ram
1013 4193 1181 4250 mandaverat,
1194 4190 1278 4251 ingens
1289 4189 1410 4238 tumultus
1419 4189 1443 4237 in
1451 4187 1573 4238 totuurbe
1583 4191 1652 4240 ortus
1664 4201 1727 4249 esse,

950 4293 976 4339 et
987 4304 1002 4338 n
1015 4286 1169 4352 pontificibus
1187 4284 1311 4347 inquisitio
1324 4285 1396 4344 tacta,
1410 4299 1440 4335 an
1458 4288 1520 4337 sorte
1536 4288 1636 4351 aliquod
1646 4288 1729 4350 pinen-

952 4387 1004 4436 lum
1024 4399 1039 4435 a
1060 4384 1188 4434 sacerdote
1210 4383 1234 4431 in
1256 4384 1317 4444 ignis
1335 4384 1447 4433 custodia
1471 4387 1631 4437 commissum
1652 4388 1726 4433 esset.

951 4485 1021 4533 Tunc
1034 4483 1109 4546 igitur
1122 4483 1190 4531 aiunt
1201 4481 1322 4532 AEmiliam
1333 4482 1455 4532 insontem
1467 4483 1576 4545 quidem,
1590 4482 1634 4532 sed
1643 4480 1668 4530 iu
1686 4480 1728 4531 tali

951 4593 1011 4629 casu
1029 4579 1124 4630 consilii
1142 4579 1253 4643 inopem,
1279 4578 1443 4642 presentibus
1460 4580 1628 4630 sacerdotibus
1638 4584 1663 4630 et
1675 4577 1729 4627 aliis

952 4675 1103 4737 uirginibus,
1124 4674 1238 4723 manibus
1252 4673 1283 4723 ad
1296 4687 1364 4723 aram
1376 4676 1483 4725 extentis
1492 4675 1585 4724 dixisse
1598 4694 1604 4723 ι
1617 4695 1629 4717 «
1642 4677 1727 4728 Vesta,

953 4775 1095 4822 «Romanas
1119 4769 1187 4820 urbis
1207 4773 1299 4830 eustos,
1324 4770 1345 4820 si
1367 4775 1450 4820 sancte
1469 4774 1495 4819 et
1516 4771 1580 4819 iuste
1597 4782 1666 4817 sacra
1685 4769 1728 4817 tun

953 4896 965 4919 a
983 4874 1030 4924 teci
1051 4888 1096 4937 per
1112 4864 1210 4937 tempus
1229 4887 1348 4923 annorum
1372 4875 1448 4923 terroe
1469 4872 1575 4932 triginta,
1598 4872 1622 4918 et
1648 4869 1728 4918 animo

954 4993 967 5018 e
981 4986 1043 5037 puro
1068 4974 1094 5022 et
1117 4975 1185 5021 casto
1213 4985 1323 5035 corpore,
1348 4984 1436 5034 appare
1458 4973 1481 5016 ot
1501 4968 1537 5016 ler
1551 4979 1629 5028 opem,
1649 4978 1729 5028 neque

956 5089 968 5113 e
984 5068 1082 5133 patiaris
1106 5071 1174 5117 tuam
1198 5067 1350 5117 sacerdotem
1372 5061 1508 5112 miserrimo
1532 5061 1618 5110 mortis
1642 5073 1730 5125 genere

956 5187 968 5211 e
984 5167 1062 5230 perire
1076 5166 1180 5228 :quodsi
1190 5165 1250 5227 quid
1263 5162 1351 5228 piaculi
1364 5173 1426 5210 ame
1440 5159 1598 5209 commissum
1613 5162 1658 5220 est,
1674 5169 1729 5207 mco
