3772 5828
595 337 890 410 ANTIQUiTATUM
912 341 1057 403 Ronlan'.
1081 344 1153 405 LIB.
1176 348 1201 407 l.
1662 354 1701 413 θὸ

96 485 174 522 raro
195 463 258 545 πρὸς
279 461 337 529 τοῦς
359 464 540 539 νομιζομένους
556 475 647 544 γονεῖς,
671 468 803 543 συμύῆναι
819 470 865 540 τήν

98 550 222 632 διαφοράν
253 554 339 616 αὐτοῖς
367 554 431 630 πρὸς
465 551 522 619 τοῦς
558 554 703 633 Νομίτορος
732 559 867 634 βουκόλους

96 641 157 720 περὶ
179 644 231 698 τῶν
257 639 391 715 συννόμων
416 639 537 720 χωρίων·
555 644 584 702 ίκ
605 643 631 701 δὲ
653 644 745 701 τούτου
764 645 867 722 πληγὰς

97 730 184 793 αὐτοῖς
216 728 310 794 δόντας
338 731 373 793 ὡς
396 727 489 794 αὐτούς
519 728 649 788 ἀπελάσαι
681 732 726 797 τθς
757 733 867 809 ἀγέλας·

97 820 207 886 ποιῆσαι
229 816 256 873 δὲ
270 821 353 873 ταῦτα
368 820 400 894 τῆ
421 816 513 895 γνώμη
527 821 574 876 τοῦ
597 819 753 896 Νεμέτορος,
771 820 803 880 ἵν’
819 825 867 902 ἀρ-

95 903 132 983 χὴ
153 903 245 981 γίνοιτ’
269 905 442 983 ἐγκλημάτων
456 904 502 962 καὶ
527 906 584 982 ἀμα
605 909 750 985 παρουσίας
768 910 804 974 εἷς
820 907 868 979 τήν

97 993 175 1050 πόλιν
185 994 224 1072 τῷ
235 994 380 1072 νομευτικῷ
394 992 489 1062 πλήθει
505 995 643 1074 πρόφασις.
685 994 734 1061 Ὡς
752 995 778 1054 δὲ
794 996 868 1054 ταῦτ’

98 1080 211 1157 ἐγένετο,
228 1081 362 1158 Νεμέτορα
383 1083 430 1158 μὲν
452 1081 573 1157 Ἀμολίου
588 1083 734 1153 καταύοᾶν,
750 1089 784 1150 ὡς
798 1083 869 1143 δεινθ

98 1167 194 1245 πάσχει
223 1170 426 1245 διαρπαζόμενος
450 1170 500 1227 ὑπὸ
524 1172 576 1231 τῶν
598 1170 696 1229 ἐκείνου
719 1171 868 1249 βουκόλων,

96 1256 141 1315 καὶ
161 1256 263 1329 ἀξιοῦν,
279 1259 302 1316 εἰ
318 1259 400 1333 μηδὲν
415 1257 497 1324 αἴτιος
509 1258 572 1337 [τῶν
585 1260 695 1336 ἐκείνου]
712 1261 767 1319 ἐστὶ
780 1283 866 1339 παρα-

97 1347 184 1403 δοῦναι
198 1345 241 1404 rto
261 1345 405 1427 βουφορύδν
421 1349 492 1426 αὐτῷ
506 1347 551 1405 καὶ
565 1347 624 1414 τοῦς
638 1347 709 1414 υίοθς
730 1350 773 1408 ίπὶ
794 1351 868 1428 δίκη·

97 1430 215 1510 Ἀμόλιον
233 1433 255 1491 δ’
267 1433 449 1493 ἀπολύσασθαι
464 1433 626 1515 βουλόμενον
641 1435 689 1506 τὴν
700 1437 799 1513 αἰτίαν,
810 1438 869 1504 τούς

95 1522 120 1579 τ’
141 1520 292 1595 αἰτηθέντας
316 1521 361 1580 καί
379 1520 438 1589 τούς
464 1523 556 1589 ἀλλους
578 1523 711 1598 ἅπαντας,
732 1522 789 1583 ὅσοι
816 1548 868 1582 πα-

99 1617 182 1687 ρεῖναι
206 1613 259 1677 τοῖς
280 1611 427 1688 γενομένοις
441 1600 512 1691 εἶχεν
533 1611 630 1684 αἰτίαν,
654 1611 727 1683 ήκειν
750 1612 867 1672 κελεύειν

54 1718 66 1754 ε
97 1698 171 1763 δίκας
194 1697 334 1776 ύφίξοντας
355 1701 393 1778 τῷ
415 1698 555 1780 Νεμίτορι.
596 1701 708 1761 Πολλῶν
729 1699 755 1760 θλ
771 1704 866 1760 συνελ-

96 1785 194 1844 θόντων
209 1784 267 1859 θμα
292 1793 344 1850 τοῖς
357 1788 481 1854 ἐπαιτίοις
506 1790 549 1846 ἐπὶ
571 1789 749 1870 τῇπροφάσει
765 1793 812 1860 τῆς
828 1791 866 1850 δί-

98 1897 155 1945 κης,
170 1874 306 1952 φράσαντα
326 1877 377 1941 τοῖς
392 1876 536 1944 νεανίσκοις
549 1875 593 1934 τθν
608 1878 797 1957 μητροπάτορα
817 1887 866 1937 πθ-

97 1984 149 2018 σαν
162 1961 209 2031 τήν
224 1962 424 2022 καταλαύοῦσαν
446 1962 538 2030 αὐτούς
563 1962 660 2042 τύχην,
681 1964 727 2024 καί
748 1965 868 2045 φήσαντα

96 2050 225 2126 τιμωρίαν
249 2055 293 2108 νῦν
319 2051 420 2110 εἴποτε
446 2053 536 2130 καιρὸν
560 2042 625 2110 εἶναι
650 2053 755 2125 λαύείν,
771 2056 867 2113 αὐτίκα

37 2148 66 2184 ²⁰
95 2137 256 2207 ποιήσασθαι
273 2136 320 2197 σῦν
334 2142 372 2218 τῷ
388 2143 537 2218 νομευτικῷ
551 2140 645 2212 πλήθει
667 2141 715 2212 τήν
739 2141 866 2203 ίπίθεσιν.

98 2225 165 2305 Περὶ
189 2224 236 2301 μίν
262 2217 306 2284 ούν
332 2226 457 2306 γενίσεως
480 2229 524 2286 καί
551 2233 647 2308 τροφῆς
667 2231 718 2286 τῶν
747 2232 867 2289 οἰκιστῶν

93 2317 141 2385 τῆς
159 2311 265 2389 Ῥώμης
279 2321 364 2373 ταῦτα
377 2314 495 2394 λίγειαι.

135 2403 279 2462 LXXXV.
300 2402 345 2462 Τθ
360 2401 388 2460 θλ
409 2403 478 2461 κατθι
503 2402 551 2472 τήν
575 2402 658 2461 κτίσιν
680 2401 763 2474 αὐτὴν
786 2405 862 2481 γενύ-

97 2511 178 2564 μενα·
194 2493 269 2548 τοῦτο
290 2487 341 2566 γδρ
364 2489 403 2548 ἔτι
418 2512 464 2564 μοι
488 2488 517 2547 rb
534 2488 610 2568 μόρος
630 2493 676 2561 τῆς
696 2495 797 2570 γραφῆς
810 2490 866 2550 λεί·

31 2600 65 2638 οε
99 2595 192 2635 πεται·
217 2582 261 2633 νῦν
287 2576 400 2654 ἔρχομαι
423 2576 619 2653 διηγησόμενος.
675 2576 788 2649 Ἐπειδὴ
813 2579 862 2660 γάρ

99 2662 228 2738 Ἀμολίου
260 2663 463 2733 τελευτήσαντος
487 2664 637 2724 ἀνεσώσατο
667 2662 716 2736 τὴν
745 2663 828 2744 ἀρχὴν
854 2671 869 2726 θ

94 2750 247 2829 Νεμέτωρ,
273 2749 360 2827 ὀλίγον
385 2749 500 2831 ἐπισχὼν
514 2751 625 2831 χρόνον,
640 2755 665 2812 ἀν
685 2744 769 2833 ᾧτήν
792 2754 868 2814 πόλιν

93 2842 125 2898 ἐκ
146 2844 194 2910 τῆς
216 2838 342 2917 πρότερον
369 2841 513 2918 ἀπεχούσης
540 2841 668 2916 ἀκοσμίας
687 2844 722 2908 είς
751 2841 794 2900 τὸν
819 2848 866 2921 ἀρ-

93 2936 172 3008 χαῖον
203 2925 311 3002 ἐκόσμει
333 2929 447 3004 τρόπον,
475 2926 546 2994 εὐθὺς
573 2929 670 2986 ίπενόει
690 2937 744 2996 τοὶς
767 2952 862 3009 μιιρα·

35 3033 64 3073 εε
92 3015 157 3082 κίοις
173 3015 241 3073 ἰδίαν
256 3013 340 3093 ἀρχήν
364 3015 561 3074 κατασκευάσαι
585 3016 674 3096 ἑτέραν
700 3017 777 3077 πόλιν
797 3016 862 3076 οίκί·

92 3128 152 3172 σας.
195 3103 267 3177 Ἅμα
282 3104 309 3164 δὲ
331 3104 376 3161 καί
399 3110 442 3163 τοῦ
464 3107 600 3165 πολιτικοῦ
623 3107 737 3178 πλήθους
753 3109 868 3166 ἐπίδοσιν

93 3195 129 3260 είς
143 3191 280 3270 εῦανδρίαν
295 3192 451 3270 ἐσχηκότος,
467 3193 643 3253 ἀπαναλῶσαί
656 3217 682 3252 τι
694 3195 782 3260 καλῶς
798 3194 871 3274 ἔχειν

91 3279 170 3359 ᾤετο,
185 3280 229 3337 καὶ
249 3279 366 3356 μάλιστα
389 3278 419 3339 τό
439 3280 561 3362 διάφορον
582 3283 739 3362 niciforum
759 3290 868 3360 γενόμε-

92 3392 152 3443 νον,
174 3371 211 3436 ῶς
228 3369 267 3446 μὴ
282 3368 317 3426 δι’
334 3369 445 3450 brebiae
468 3369 562 3436 αύτούς
586 3370 653 3450 ε’χοι.
698 3371 867 3448 Κοινωσάμε-

37 3472 66 3512 ευ
94 3479 139 3524 νος
153 3456 180 3516 δὲ
193 3464 246 3522 τοῖς
267 3456 423 3536 μειρακίοις,
439 3458 528 3528 ίπειδὴ
549 3456 677 3525 κάκείνοις
702 3457 804 3534 ἐδόκει,
822 3459 863 3518 δί-

95 3539 175 3602 δωσιν
196 3546 280 3612 αὐτοῖς
293 3543 381 3624 χωρία
400 3543 447 3620 μίν
469 3535 506 3603 ῶν
531 3543 665 3623 ἄρξουσιν,
690 3545 750 3604 ίνθα
777 3548 867 3614 ταῖδες

95 3633 169 3698 ὄντες
189 3632 349 3713 ἀτράφησαν·
368 3634 399 3691 ἔκ
421 3633 448 3692 δὲ
467 3638 512 3692 τοῦ
532 3632 584 3692 λεὼ
604 3632 688 3693 τόντε
705 3634 738 3692 δι’
752 3634 865 3715 ὑποψίας

94 3723 170 3800 αὐτῷ
191 3721 338 3798 γενόμενον,
363 3719 390 3788 θς
421 3719 516 3798 ίμελλε
549 3727 724 3798 νεωτερισμοῦ
757 3724 868 3791 εἰσαῦθις

95 3809 199 3889 ἄρξειν,
231 3809 276 3869 καὶ
290 3809 316 3869 εί
341 3833 367 3869 τι
390 3810 507 3868 ἑκούσιον
530 3813 713 3879 ἀπαναστῆναι
733 3808 867 3873 liuttere.

38 3921 65 3959 ευ
91 3889 147 3958 Ἧν
171 3897 194 3956 θ’
218 3902 245 3959 ἐν
262 3899 360 3965 τούτοις
379 3897 446 3956 πολὺ
468 3897 534 3973 μὲν,
553 3896 643 3977 ῶσπερ
657 3896 724 3965 εἰκὸς
739 3900 766 3954 ἐν
790 3900 868 3958 πολει

91 3986 249 4065 κινουμένη,
265 3984 295 4043 τὸ
319 3985 461 4062 δημοτικὸν
486 3983 574 4066 γάνος,
598 3984 688 4044 ίκανθν
711 3984 737 4045 δὲ
762 3987 806 4046 καλ
836 3987 867 4046 τὸ

92 4080 147 4138 ἀπὸ
175 4082 221 4135 τοῦ
240 4074 383 4156 κρατίστου
414 4074 560 4156 γνώριμον,
580 4079 609 4135 ἐκ
630 4073 657 4135 di
680 4082 725 4136 τοῦ
744 4080 865 4157 Τρωϊκοῦ

91 4166 122 4223 τὸ
137 4162 324 4242 εύγενίστατον
351 4163 383 4233 δή
407 4164 591 4240 νομιζόμενον,
613 4162 639 4233 ἐξ
662 4154 692 4225 ού
711 4166 756 4223 καὶ
777 4166 867 4243 γενεαί

91 4277 159 4319 τινες
177 4250 216 4310 ίτι
229 4255 359 4330 περιῆσαν
374 4253 409 4317 είς
423 4251 480 4329 ἐμὲ,
496 4255 658 4322 πεντήκοντα
669 4253 776 4325 μάλιστ’
791 4244 865 4311 οἶκοι.

43 4361 66 4398 ιε
92 4338 869 4421 Ἐχορηγεῖτοδθτοῖςνεανίσκοιςκαίχρήματακαὶάπλακαὶ

90 4436 160 4496 σῖτος
174 4429 221 4487 καὶ
237 4427 285 4486 ἀνθ
301 4426 387 4487 άποῦα
398 4426 444 4487 καὶ
464 4425 580 4504 ῦποζύγί
599 4427 731 4508 ἀχθοφόρα
747 4424 792 4483 καί
806 4426 830 4484 εί
843 4447 869 4482 τι

92 4518 158 4576 ἀλλο
171 4518 271 4582 πόλεως
282 4449 315 4587 §a
330 4519 482 4594 κατασκευῇ
496 4515 655 4595 πρόσφορον.
698 4513 748 4579 Ὧς
766 4515 788 4571 δ’
810 4512 870 4573 ἀνί-

90 4627 195 4678 στησαν
205 4604 234 4661 ἔτι
247 4599 295 4676 τ’ἦς
306 4602 404 4669 'daborc
418 4606 441 4663 oi
456 4604 586 4662 νεανίσκοι
597 4603 640 4663 τὸν
655 4600 732 4672 λεὼν,
749 4599 869 4677 μίξαντες

89 4696 163 4768 αύτῷ
174 4692 220 4751 τόν
235 4693 353 4766 αὐτόθεν,
367 4693 426 4759 όαος
441 4682 473 4765 ήν
485 4692 511 4751 ἀν
527 4695 565 4770 τῷ
581 4690 738 4772 Παλλαντίῳ
748 4688 792 4747 καί
808 4690 868 4771 περὶ

46 4804 69 4845 ιε
88 4782 137 4854 τήν
148 4778 313 4858 Σατουρνίαν
325 4779 464 4852 ὑπολιπής,
484 4779 631 4857 μερίζονται
643 4780 672 4839 τὸ
687 4781 784 4850 πλῆθος
798 4777 867 4836 άπαν

90 4874 165 4952 διχῇ.
211 4862 299 4929 Τοῦτο
314 4868 338 4926 θ’
353 4870 440 4934 αὐτοῖς
462 4866 536 4936 δόξαν
564 4867 682 4947 παρίσχε
703 4866 866 4945 φιλοτιμίας,

89 4962 133 5020 ίνα
155 4965 252 5018 θᾶττον
276 4958 440 5038 ἀνύηταιτῇ
466 4957 531 5037 πρὸς
552 4955 679 5025 ἀλλήλους
707 4955 807 5033 ἁμίλλῃ
836 4954 868 5011 τθι

90 5048 173 5129 ἀργα,
197 5044 281 5103 αίτιον
296 5043 323 5104 ll
347 5050 394 5106 τοῦ
413 5043 537 5123 μεγίστου
552 5049 650 5116 κακοῦ,
675 5043 798 5114 στάσεως,
810 5041 868 5120 ἀγί-

88 5160 160 5200 εετο.
215 5131 256 5195 Οἵ
269 5156 298 5193 τε
318 5133 369 5216 γθρ
393 5135 615 5216 προσνεμηθέντες
640 5131 726 5196 αθταῖς
745 5131 787 5189 τίν
805 5132 868 5190 iuu-

185 5267 302 5308 ΝΟΜΗΙ.

923 487 955 531 de
968 482 1043 545 ipsius
1060 485 1192 533 Numitoris
1213 487 1332 535 sententia
1349 488 1445 546 iecisse,
1462 492 1489 537 ut
1504 491 1601 553 aliquod
1614 492 1699 542 crimi-

923 593 997 644 nandi
1009 593 1105 644 initium
1119 594 1202 657 tieret,
1216 596 1287 647 simul
1298 602 1372 649 ctiam
1390 605 1416 651 ut
1436 602 1477 651 illa
1491 606 1615 665 pastorum
1627 604 1701 655 turba

923 718 995 757 sirum
1012 706 1036 756 in
1051 705 1136 756 urbem
1156 721 1303 759 concursum
1318 711 1400 776 aliqua
1418 713 1528 776 speciosa
1540 726 1615 763 causa
1627 715 1696 765 vela-

925 823 971 869 ret.
1006 822 1057 870 Ηοε
1069 820 1134 871 lacto
1147 820 1301 873 Numitorem
1311 823 1342 873 de
1358 825 1456 876 Amulio
1468 827 1584 890 conqueri
1600 828 1700 890 cupisse

924 947 951 983 ee
963 935 1046 996 gravia
1067 936 1132 999 pati,
1155 939 1181 986 et
1198 937 1230 987 ab
1250 938 1304 987 eius
1319 940 1458 1001 pastoribus
1480 955 1519 991 res
1533 955 1590 991 suas
1610 940 1700 1005 diripi,

920 1049 996 1111 alque
1017 1050 1169 1112 postulasse,
1185 1050 1206 1100 sl
1228 1051 1293 1100 omni
1306 1049 1392 1100 harum
1406 1065 1487 1101 rerum
1508 1052 1700 1116 culpavacaret,

924 1165 951 1210 ut
964 1162 1009 1210 sibi
1030 1162 1163 1212 bubulcum
1177 1161 1234 1213 cum
1246 1164 1299 1212 eius
1312 1162 1368 1215 filiis
1382 1164 1483 1215 dederet
1495 1167 1525 1216 ad
1540 1168 1696 1232 supplicium.
1772 1212 1776 1225 .

924 1273 1047 1322 Amulium
1062 1287 1128 1333 vcro,
1147 1289 1203 1324 cum
1219 1290 1245 1325 se
1264 1274 1295 1324 ab
1306 1289 1335 1326 ea
1354 1276 1425 1339 culpa
1439 1290 1541 1339 purgare
1552 1279 1635 1342 veltet,
1648 1279 1700 1329 im·

925 1399 1023 1449 peracre
1035 1391 1064 1436 ut
1080 1389 1105 1437 et
1117 1387 1152 1437 alti
1168 1401 1232 1451 quos
1244 1387 1406 1452 deposcebat,
1422 1392 1447 1439 et
1460 1391 1544 1453 reliqui
1558 1404 1643 1442 omnes
1656 1396 1699 1456 qui

923 1499 1032 1549 accusati
1051 1501 1120 1550 erant
1138 1499 1212 1551 rebus
1228 1501 1275 1551 illis
1292 1501 1445 1562 intermisse,
1461 1516 1559 1553 causam
1578 1505 1609 1554 de
1629 1505 1695 1555 iniu-

924 1610 966 1660 riis
978 1612 1100 1662 Numitori
1120 1612 1190 1662 iactis
1205 1614 1294 1664 dicturi
1306 1615 1425 1665 venirent.
1459 1616 1520 1665 cum
1532 1619 1613 1665 autern
1626 1618 1699 1667 multi

924 1726 1016 1787 preater
1041 1738 1096 1772 rens
1114 1725 1160 1774 snb
1188 1737 1269 1774 musca
1290 1726 1389 1789 agendae
1408 1728 1488 1790 specie
1511 1730 1698 1791 convenissem,

924 1848 998 1884 atnam
1010 1837 1157 1896 maternum,
1171 1838 1302 1900 postquam
1312 1838 1506 1887 adolescentibus
1518 1852 1602 1888 omncs
1614 1851 1698 1888 eorum

924 1956 995 1993 casus
1007 1943 1157 2006 exposuerit,
1168 1956 1256 2006 cosque
1267 1944 1389 1993 monuerit
1409 1944 1525 1994 vindictae
1541 1947 1695 1996 secesionem

923 2060 989 2117 tunc,
1012 2056 1091 2119 qualis
1111 2069 1234 2119 nunquam
1252 2060 1335 2116 antea,
1349 2069 1403 2106 sese
1415 2057 1516 2118 alterne,
1537 2058 1618 2107 statim
1639 2072 1698 2107 cum

922 2168 994 2217 turbu
1016 2167 1058 2217 itia
1077 2171 1202 2230 pastorum
1228 2168 1352 2217 Amulium
1367 2169 1482 2218 adortum
1499 2181 1562 2219 esse.
1593 2171 1696 2220 Deortu

924 2279 998 2342 igitur
1011 2283 1036 2329 ct
1059 2279 1201 2330 educatione
1212 2279 1367 2330 conditorum
1388 2280 1459 2330 urbis
1476 2280 1531 2331 baec
1549 2281 1695 2333 traduntur.

955 2399 1072 2446 thliliv.
1087 2399 1148 2454 Quae
1163 2411 1222 2447 vero
1235 2398 1376 2449 aeciderunt
1396 2398 1456 2448 dum
1479 2400 1538 2449 urbs
1552 2401 1698 2450 conderetur

925 2490 992 2551 (bec
1008 2491 1075 2540 enim
1089 2490 1165 2540 buius
1188 2490 1244 2540 libri
1268 2490 1319 2540 sola
1341 2505 1397 2555 pars
1420 2492 1501 2542 adbuc
1524 2493 1585 2542 mihi
1607 2495 1697 2556 restat)

924 2595 989 2631 nnnc
1010 2594 1141 2643 exsequar.
1176 2583 1308 2644 Postquam
1331 2582 1428 2631 Amulio
1451 2583 1568 2632 detuncto
1586 2583 1699 2633 Numitor

923 2683 1024 2736 regnum
1046 2673 1145 2735 recepit,
1163 2672 1297 2736 paullulum
1312 2677 1430 2732 muratus,
1446 2673 1504 2722 dum
1520 2674 1696 2736 rempublicam

923 2778 954 2814 ει
962 2763 1075 2813 diuturna
1088 2764 1221 2828 tyrannicis,
1234 2778 1283 2826 qua
1298 2767 1353 2813 ante
1366 2763 1528 2827 premebatur,
1540 2765 1696 2826 inpristiuum

923 2859 1015 2906 statum
1034 2855 1186 2914 restitueret,
1207 2856 1290 2905 statim
1307 2856 1338 2906 de
1357 2857 1455 2920 proprio
1473 2868 1547 2919 regno
1567 2854 1697 2906 iuvenibus

923 2947 1032 3013 parando
1056 2961 1120 2997 nova
1143 2947 1203 2997 urbe
1216 2947 1347 2998 condenda
1368 2948 1491 3012 rogitavit.
1534 2946 1695 2997 simuletiam

923 3041 1036 3104 praeclaro
1056 3053 1140 3090 aarum
1158 3045 1241 3091 actum
1267 3040 1297 3090 iri
1323 3041 1432 3105 putarit,
1453 3042 1474 3090 si
1504 3041 1602 3090 urbane
1627 3037 1695 3089 mul·

922 3131 1042 3194 titudinis,
1052 3133 1122 3181 cuius
1134 3145 1253 3182 numerus
1271 3131 1342 3182 valde
1358 3137 1446 3182 auctus
1457 3135 1518 3192 erat,
1535 3135 1629 3195 partem
1649 3130 1696 3181 ali·

922 3236 1005 3286 quarn,
1017 3225 1138 3288 principue
1148 3237 1207 3274 vero
1227 3236 1281 3273 eam
1293 3237 1349 3287 quur
1365 3225 1488 3287 quondam
1501 3224 1547 3273 sibi
1566 3224 1696 3273 adversata

922 3316 1016 3375 iuerat,
1035 3315 1149 3376 tolieret,
1170 3327 1200 3364 ne
1215 3327 1269 3363 eam
1285 3319 1422 3378 suspectam
1445 3312 1555 3363 haberet.
1608 3314 1695 3374 ltaque

922 3408 1022 3459 consilio
1044 3422 1100 3458 eam
1120 3406 1250 3458 iuvenibus
1269 3408 1461 3466 communicato,
1476 3420 1533 3456 cum
1553 3410 1579 3455 et
1596 3405 1655 3468 ipsis
1668 3403 1693 3455 id

922 3499 1062 3562 placuisset,
1075 3511 1147 3559 agros
1164 3497 1211 3547 iliis
1229 3496 1306 3560 dedit,
1318 3509 1422 3560 quorum
1436 3498 1519 3545 essent
1528 3493 1635 3554 domiui,
1651 3491 1695 3543 ubi

924 3591 992 3654 puori
1012 3589 1108 3640 educati
1126 3590 1220 3638 lucrant
1240 3607 1247 3636 ι
1272 3590 1297 3638 et
1318 3587 1402 3650 populi
1421 3589 1515 3651 partem
1537 3584 1582 3635 sibi
1597 3597 1696 3649 suspee-

922 3689 984 3742 tam,
1000 3684 1085 3743 utpote
1105 3692 1144 3728 res
1164 3691 1242 3728 novas
1257 3677 1413 3735 molituram,
1429 3680 1455 3726 el
1469 3675 1532 3737 siqui
1554 3674 1594 3724 aiii
1606 3676 1692 3738 sponte

920 3774 1039 3836 emigrare
1053 3771 1184 3822 voluerunt
1200 3770 1254 3820 iltis
1271 3767 1400 3821 attribute.
1423 3771 1448 3817 tn
1464 3767 1503 3815 his
1514 3769 1598 3816 autem
1609 3766 1651 3826 (ut
1666 3764 1693 3815 ln

920 3863 1105 3929 migrationibus
1136 3863 1198 3913 solet
1227 3860 1352 3922 accidere)
1382 3861 1434 3910 erat
1460 3871 1564 3921 magnus
1591 3856 1692 3920 quidem

918 3957 1068 4020 plebeiorum
1081 3967 1215 4016 numerus,
1227 3953 1269 4004 sed
1285 3951 1359 4003 ctiam
1377 3965 1424 4000 non
1449 3949 1520 4010 pauci
1536 3962 1565 3998 ex
1587 3936 1691 4012 optima·

920 4049 985 4101 libus
1008 4046 1116 4107 nobiles,
1138 4050 1162 4096 et
1185 4058 1217 4096 ex
1243 4043 1353 4095 Troianis
1374 4043 1494 4106 quotquot
1515 4037 1694 4103 gencmslssimi

919 4142 1084 4202 trahebantur3
1114 4152 1222 4203 quorum
1247 4138 1323 4188 etlam
1347 4136 1377 4185 ad
1406 4148 1487 4185 meam
1503 4147 1580 4196 usque
1593 4134 1694 4183 atatam

918 4240 1029 4301 superest
1051 4235 1191 4301 progenies,
1208 4231 1384 4296 quinquaginta
1398 4228 1494 4279 circiter
1508 4211 1614 4277 larnilim.
1649 4228 1691 4275 Ιιι-

917 4328 1020 4379 renibus
1047 4331 1130 4378 aulem
1152 4325 1217 4374 datae
1238 4325 1331 4374 suntet
1345 4320 1453 4384 pecunie
1473 4321 1498 4369 et
1512 4331 1580 4368 anna
1600 4319 1624 4366 et
1639 4317 1693 4365 tru-

918 4421 1028 4470 mentum
1050 4423 1075 4468 εί
1096 4416 1218 4479 mancipia
1240 4419 1266 4465 εί
1295 4414 1403 4463 iumenta
1437 4412 1547 4462 oneraria
1569 4413 1593 4459 et
1610 4404 1693 4469 stquld

917 4507 985 4558 atiud
1006 4506 1037 4556 ad
1051 4505 1119 4555 urbis
1136 4503 1316 4555 fabricationem
1341 4501 1401 4552 utile
1417 4503 1478 4550 erat.
1512 4498 1630 4556 Quicum
1651 4508 1692 4560 po·

918 4600 1003 4664 pulum
1021 4598 1082 4648 alba
1102 4596 1252 4655 eduxissent,
1272 4593 1392 4658 indigenis
1415 4594 1538 4656 quotquot
1555 4591 1578 4636 tn
1602 4585 1693 4635 Palatio

917 4698 943 4742 et
966 4689 1080 4741 Saturnia
1104 4689 1189 4752 reliqui
1212 4690 1282 4738 erant
1311 4700 1367 4736 cnm
1386 4698 1416 4735 eo
1436 4683 1534 4741 mixtis,
1556 4673 1692 4728 multitudi-

918 4799 973 4835 nem
991 4786 1067 4834 totam
1081 4781 1106 4832 in
1128 4780 1192 4831 θιιεε
1206 4783 1289 4844 partes
1312 4777 1459 4828 diviserunt.
1492 4772 1519 4822 ld
1534 4772 1616 4819 autem
1632 4763 1693 4827 ipsis

918 4871 1018 4937 quidem
1039 4869 1070 4918 ad
1080 4867 1261 4918 emulationem
1275 4865 1355 4916 visum
1368 4867 1408 4914 est
1423 4858 1575 4915 conducere,
1590 4854 1619 4902 ut
1631 4863 1695 4913 opus

918 4959 966 5009 iltis
984 4956 1097 5008 certatim
1118 4954 1277 5019 operantibus
1288 4951 1362 5003 citius
1384 4944 1567 5002 absolveretur,
1589 4953 1616 4990 ro
1635 4952 1694 4989 vera

919 5051 1001 5098 autem
1021 5044 1080 5097 mali
1095 5042 1245 5111 gmvissimt,
1270 5034 1505 5099 modumquasi
1526 5030 1582 5081 tuit.
1615 5027 1695 5081 Divisi

918 5135 984 5186 enim
995 5133 1082 5186 ducem
1096 5146 1170 5183 suum
1183 5130 1290 5193 utrique,
1305 5127 1332 5177 ut
1348 5124 1462 5176 idoneum
1474 5119 1507 5173 ad
1518 5117 1635 5173 omnibus
1647 5117 1695 5171 ltu·

1416 5290 1421 5299 ι
1597 5280 1609 5291 '¹
1692 5260 1698 5265 -
1749 5268 1753 5273 Ι
1778 5268 1800 5295 ,“.

1405 5268 1800 5416 ,Δ
