3772 5828
619 371 822 438 nxcanrm
842 375 895 435 ax
917 375 990 438 nm.
1014 378 1092 439 xlm.
1607 368 1668 446 coo

56 504 180 564 ἁπάντων
204 501 420 585 κατεψηφίσατο·
447 499 509 561 ὁδί
532 503 614 579 θύμος
638 503 830 585 ἐπιεικέστερος
892 517 988 569 veroin
1005 518 1126 570 mitiorem
1150 520 1360 585 parlerncedcns‚
1382 522 1457 573 nnius
1474 522 1506 572 dc
1527 524 1563 575 eis
1582 537 1669 575 corum

56 593 191 671 γενόμενος
211 591 268 660 θεὸς
281 595 332 665 τοῦ,
347 589 475 668 illim
491 591 576 650 “5²52
597 589 762 673 θρὶὲῦθητῇ
786 617 833 654 κο·
890 626 963 678 puna
971 619 1086 666 contenta
1106 622 1172 678 erat;
1183 618 1254 681 cujus
1266 617 1415 682 supplicium
1429 621 1458 670 ut
1479 619 1587 671 barbaris
1600 623 1670 672 inno-

57 679 142 741 λάσῑῑ·
186 674 246 742 Ἵνα
269 675 297 738 δὲ
322 677 432 760 W‘?bi
453 674 555 756 Υίίοῑῗθ
575 678 628 745 τοῖς
655 679 835 760 θαίθάθθῑθὸ
889 711 1005 775 isaccret,
1020 712 1177 777 vinclispoat
1198 717 1293 776 tergum
1308 713 1422 765 manibus
1442 713 1474 765 dc
1494 717 1599 766 saxoad
1615 717 1671 768 iilos

58 768 167 836 θάνατος
183 769 286 842 circii,
311 763 393 833 δεθεὶς
417 764 464 831 τὰς
476 773 569 846 χεῖρας
583 766 671 826 ὀπίσω
697 766 767 825 κατίε
790 775 835 829 τοῦ

14 868 29 906 ⁵
57 863 175 936 κρημνοῦ
190 856 318 936 βάλλεται
332 854 398 934 πρθς
411 851 515 921 αύτούς.
530 853 653 914 Ἐκείνου
669 855 697 914 δὲ
713 878 835 933 τιμωρη-

58 945 143 1011 θίντος
155 944 228 1004 οὐδέν
244 944 282 1005 ότι
307 941 421 1026 ῥᾴθυμον
435 933 469 1015 ἦν
483 945 536 1001 τῶν
550 942 612 1023 περί
630 942 677 1011 xla
691 944 831 1025 φυλακὰς,

58 1034 127 1093 ἀλλὰ
139 1033 276 1112 παννύχιοι
296 1032 425 1092 διετέλουν
439 1028 554 1098 ἅπαντας
569 1032 748 1112 ίγρηγορότες·
764 1032 834 1094 ὥστε

58 1120 116 1188 τοὺς
134 1120 247 1188 Κελτούς
268 1119 431 1199 ἀπογνόντας
457 1116 491 1177 δι’
503 1118 606 1190 ἀπάτης
627 1118 644 1190 ἢ
670 1121 769 1189 κλοπῆς
782 1145 833 1181 κα·

59 1208 139 1278 θόξειν
160 1211 192 1269 τὸ
203 1209 323 1290 φρούριον
341 1207 402 1286 περὶ
416 1205 518 1287 λύτρων
534 1205 720 1286 διαλέγεσθαι,
749 1208 834 1278 θτοῖς

10 1320 31 1358 m
59 1298 202 1378 βαρόαίροις
216 1300 301 1366 δόντες
315 1303 469 1373 κομιοῦνται
483 1293 532 1368 τὴν
552 1295 639 1358 πόλιν.
656 1297 759 1359 Amor.

96 1389 147 1450 IX.
176 1392 235 1467 (13)
247 1386 326 1449 Ἐπεὶ
341 1386 369 1445 θλ
388 1382 422 1444 τὰ
436 1382 513 1464 ὅρκια
535 1383 712 1462 ἐπετέλεσαν,
740 1387 832 1448 καὶτὸ

56 1475 163 1554 χρυσίον
186 1478 211 1535 oi
223 1474 356 1551 Ῥωμαῖοι
379 1471 561 1551 κατήνεγκαν,
583 1472 698 1551 σταθμὸς
721 1472 768 1552 μὲν
785 1465 832 1552 ἦν,

57 1565 85 1623 ὃν
108 1567 160 1625 ἔδει
184 1563 245 1630 τοίντ
273 1560 389 1629 Ιίελτοίνς
410 1560 514 1631 λαόιῖν,
545 1561 565 1620 ε’
587 1561 632 1621 καὶ
653 1561 678 1621 κ’
696 1562 832 1622 τάλαντα·

56 1653 172 1721 τιθέντος
195 1653 223 1711 δὲ
238 1657 283 1711 τοῦ
305 1654 397 1731 ζυγοῦ,
412 1654 516 1730 πρῶτον
538 1649 586 1728 μίν
607 1648 671 1709 αὐτὸ
686 1648 715 1709 τὸ
731 1651 831 1710 τάλαν·

10 1754 29 1793 li
56 1746 131 1801 τονθ
152 1741 252 1809 Κελτὸς
275 1739 417 1821 βαρύτιμοι
440 1744 486 1798 τοῦ
506 1737 607 1798 δικαίου
626 1744 715 1820 παρῆν
728 1740 830 1820 φέρων,

55 1828 147 1889 ἔπειτα
176 1829 392 1909 ἀγανακτούντων
417 1829 482 1908 πρὸς
506 1834 583 1888 τούτο
607 1831 659 1886 τῶν
683 1825 830 1905 Ῥωμαίων

56 1919 181 1978 τοσούτου
192 1917 283 1992 ἐδέησε
297 1917 439 1999 μετριάσαι
453 1917 515 1998 περὶ
529 1916 558 1976 τθ
573 1916 687 1994 δίκαιον,
701 1914 771 1976 ὥστε
787 1919 832 1978 καί

56 2005 105 2078 τὴν
126 2007 260 2087 μάχαιραν
276 2009 332 2084 ἅμα
353 2007 469 2087 τῇθήκῃ
489 2005 535 2064 καί
554 2010 592 2086 τῷ
607 2011 724 2089 ζωστῆρι
744 2031 832 2089 περιε-

55 2095 164 2172 λόμενος
175 2097 287 2169 ἐπέθηκε
303 2105 356 2163 τοῖς
371 2098 509 2172 σταθμοῖς.
552 2097 600 2176 'lap
616 2094 643 2154 δὲ
658 2094 743 2175 ταμία
757 2119 827 2154 παν-

10 2192 29 2231 ²⁰
58 2184 206 2266 θανομίνῳ,
221 2183 248 2245 τί
262 2185 418 2244 θελτιτοῦτο
432 2174 544 2243 εἶναιτὸ
564 2184 655 2264 ίργον,
671 2185 831 2264 ἀπεκρίνετο

55 2271 156 2341 τούτοις
173 2277 227 2342 τοῖς
242 2272 383 2351 ὀνόμασιν·
401 2300 414 2327 ν
434 2270 505 2334 Οὐαί
516 2271 570 2339 τοῖς
581 2272 800 2349 κεκρατημένοιςί
817 2300 829 2327 ν

55 2359 133 2422 Ἐπεί
149 2363 176 2422 δέ
193 2360 386 2442 όσυγκείμενος
404 2358 521 2436 σταθμὸς
539 2361 587 2418 ον’νκ
601 2361 773 2440 ίξεπληραύτο
788 2360 832 2421 ill

54 2448 102 2520 τλν
114 2455 160 2512 τοῦ
175 2453 278 2512 litiani
298 2448 464 2521 πλεονεξίαν,
476 2448 546 2507 θλλθι
565 2446 611 2507 καί
628 2447 657 2507 τθ
670 2448 763 2528 τρίτον
776 2450 830 2510 ἐνί·

56 2537 94 2597 δει
109 2538 205 2620 μέρος,
229 2537 350 2617 ἀπῄεσαν
365 2535 533 2615 οἱῬωμαίοι
555 2536 649 2616 χρόνον
669 2538 705 2603 είς
726 2559 829 2615 ουμπο·

10 2649 29 2687 ts
56 2625 150 2703 ’ρισμθν
177 2631 223 2684 τοῦ
255 2624 389 2691 λείποντος
415 2624 600 2700 αἰτησόμενοι·
630 2625 772 2702 θπέμειναν
803 2626 830 2686 δέ

59 2712 155 2786 ταύτην
184 2712 232 2786 τὴν
269 2713 450 2794 ὑπερηφανίαν
490 2715 542 2771 τῶν
574 2710 717 2794 βαρόόρων
757 2716 830 2775 οὐθέν

56 2802 196 2877 ἐγνωκότες
206 2806 258 2863 τῶν
266 2803 310 2862 lat
318 2807 366 2861 τοῦ
376 2800 552 2883 στρατοπέδου
560 2803 746 2882 πραττομένων
757 2804 831 2886 παρίε

56 2891 196 2951 Καιδικίου
210 2892 255 2951 καί
272 2889 428 2968 Καμίλλου,
439 2892 474 2959 ὣς
487 2887 596 2970 ίφαμεν.
614 2891 715 2952 Αιιιθν.

95 2982 134 3042 Χ.
159 2981 219 3063 (lt)
235 2981 270 3042 ‘ll
285 2981 313 3041 di
336 2980 409 3040 αίτία
430 2984 478 3051 τῆς
499 2981 525 3046 ές
540 2977 657 3040 Ἰταλίαν
681 2984 733 3042 τῶν
759 2983 830 3043 Κελ-

10 3088 29 3127 ιι)
55 3072 107 3128 τῶν
133 3071 244 3154 ἀφίξεως
268 3070 357 3131 τοιάδε
381 3061 424 3143 ἦν.
467 3070 598 3145 Λοκόμων
625 3094 664 3138 τις
687 3074 830 3152 Τυρρηνῶν

56 3162 175 3240 ἡγεμὼν,
204 3160 309 3239 μίλλων
335 3162 461 3221 τελευτᾶν
487 3161 532 3220 τὸν
556 3159 628 3239 βίον,
643 3161 717 3240 ἀνδρὶ
744 3165 830 3242 πιστῷ

55 3246 179 3331 Ἄρροντι
196 3251 280 3328 όνομα
291 3246 493 3330 παρακατίθετο
507 3248 553 3307 τὸν
564 3248 618 3307 υἱὸν
636 3248 829 3328 ἐπιτροπεύειν·

57 3339 262 3411 τελευτήσαντος
290 3337 318 3398 di
343 3343 389 3397 τού
417 3341 572 3418 Τυρρηνοῦ,
589 3337 754 3418 παραλαόὼν
781 3337 828 3410 τήν

56 3427 208 3502 ἐπιμέλειαν
232 3431 277 3485 τοῦ
294 3424 400 3484 παιδίου
418 3427 432 3482 θ
450 3422 566 3506 Ἄρρων,
581 3427 705 3504 ἐπιμελὴς
726 3426 771 3485 καί
787 3427 829 3485 δί-

10 3538 28 3575 ισ
56 3534 128 3581 καιος
149 3514 240 3593 γίγονε
261 3518 308 3585 τῆς
333 3511 447 3579 πίστεως
470 3512 573 3594 φύλαξ,
600 3512 647 3571 καὶ
671 3513 708 3579 τίς
733 3512 829 3592 ἄνδρας

55 3599 156 3662 ἐλθόντι
176 3595 266 3663 πᾶσαί
288 3600 406 3670 ἀπέδειξα
429 3603 468 3681 τῷ
487 3602 563 3661 παιδὶ
583 3599 632 3672 τὴν
646 3602 827 3681 καταλειφθεῖ·

56 3715 105 3751 σαν
126 3689 176 3749 ίνπθ
198 3695 244 3749 τοῦ
262 3689 364 3768 πατρὸς
382 3687 484 3749 οὐσίαν.
528 3690 596 3748 Άνθ’
612 3679 649 3747 ὧν
671 3692 722 3769 οὐχ
738 3688 829 3765 ὁμοίας

55 3780 199 3858 ἐκομίσατο
211 3777 285 3859 παρὰ
301 3782 347 3836 τοῦ
360 3775 498 3858 μειρακίου
508 3778 627 3858 χάριτας.
667 3780 726 3857 lto)
738 3777 829 3852 Οὔσης

55 3869 108 3950 γὰρ
138 3870 209 3947 αὐτῷ
229 3865 351 3946 γυναικὸς
376 3867 506 3947 εὐμόρφου
532 3868 577 3926 καί
607 3866 684 3941 νίας,
714 3860 745 3940 ἧς
770 3868 830 3948 περὶ

10 3988 30 4026 νυ
56 3957 180 4017 πλυίοτου
194 3952 243 4027 τὴν
263 3953 400 4015 κοινωνίαν
416 3958 530 4016 ἐποιεῖτο
543 3953 674 4036 σώφρονος
691 3956 735 4016 τὸν
750 3955 830 4016 ἄλλον

55 4045 149 4126 χρόνον
164 4043 269 4103 ἅπαντα
283 4043 441 4121 γενομίνης,
462 4043 603 4127 ίραοθιὶςό
625 4043 757 4113 νεανίσκος
773 4045 830 4123 ἅμα

56 4139 95 4216 τῷ
110 4133 215 4212 σώματι
225 4131 329 4203 καὶτὴν
339 4132 455 4192 διάνοιαν
470 4138 517 4207 τῆς
527 4134 663 4212 ἀνθρώπου
677 4136 829 4216 διέφθειρεν,

56 4226 102 4283 καὶ
116 4222 205 4284 οὐκέτι
227 4220 330 4302 κρύύδα
345 4220 404 4280 ἀλλ’
418 4222 566 4303 ἀναφανδὸν
582 4221 667 4294 ίζήτει
689 4226 756 4306 αὐτῇ
769 4226 830 4283 δια-

56 4314 189 4391 λέγεσθαι.
235 4309 390 4391 Ἀχθόμενος
409 4311 469 4384 tlt
487 4308 587 4392 Ἄρρων
608 4314 646 4392 τῷ
662 4315 832 4393 σἰποοπασμῷ

10 4438 29 4477 ta
56 4405 104 4473 τῆς
117 4400 255 4479 γυναικός,
271 4399 317 4458 καί
332 4398 373 4480 ίφ’
398 4387 435 4465 οἷς
460 4398 579 4480 ύόρίζετο
600 4400 663 4480 πρὸς
677 4402 832 4482 ἀμφοτέρων

58 4490 276 4570 δυσανασχετῶν,
295 4487 426 4569 τιμωρίαν
451 4488 479 4548 δέ
501 4491 530 4549 οὐ
550 4489 693 4567 θυνόμινος
708 4493 772 4572 παρ’
787 4492 833 4550 σύ·

57 4581 109 4637 τῶν
124 4579 232 4658 λαόεῖν,
257 4579 409 4656 ἀποδημίαν
431 4576 584 4650 ίστείλατο,
606 4578 737 4658 πρόφασιν
754 4581 834 4650 αὐτῆς

56 4667 235 4745 ποιησόμενος
254 4668 395 4749 ἐμπορίαν.
439 4666 572 4746 Ἀσμίνως
587 4665 615 4725 il
636 4672 682 4726 τού
698 4668 834 4729 νεανίσκου

56 4754 104 4828 τὴν
127 4755 285 4833 ἀπαλλαγὴν
307 4759 387 4816 αὐτοῦ
416 4755 557 4834 δεξαμένου
579 4756 625 4814 καί
650 4755 834 4836 παρασχόντος

10 4877 29 4913 ‚q
56 4844 124 4904 όοων
141 4844 176 4909 τίς
192 4841 240 4912 τὴν
260 4844 390 4922 έμπορίαν
406 4846 507 4916 idciro,
530 4842 645 4911 πολλοὺς
667 4847 714 4919 μίν
740 4844 834 4911 ἀσκούς

56 4931 125 4991 οἴνου
138 4952 168 4990 τι
185 4928 232 4988 καί
256 4930 345 4990 ίλαίου
368 4933 457 4999 ταῑςᾶ
480 4930 553 5001 ἄξαις
576 4931 743 5008 ίπιθίμινος,
766 4933 833 4991 πολ·

56 5017 116 5086 λοθς
143 5016 171 5076 δὲ
196 5015 313 5097 φορμοθς
337 5017 425 5077 σύκων
455 4957 518 5097 θίγεν
542 5020 579 5086 είς
608 5018 656 5089 τὴν
689 5019 831 5091 Κελτικήν.

55 5106 159 5169 Ambr.

96 5196 147 5254 xl.
173 5191 234 5272 litt)
255 5194 291 5252 Oi
307 5193 334 5251 δὲ
352 5191 451 5253 Κελτοί
469 5190 529 5251 ούτε
544 5184 614 5254 οἶνον
634 5193 780 5271 ἀμπέλινον
796 5195 835 5253 εἰ·

889 805 1015 871 delicilur.
1048 809 1184 874 Eopunito
1208 808 1276 859 nulla
1296 811 1349 876 jam
1369 815 1423 862 erat
1442 810 1605 862 excubiarum
1629 827 1669 863 ne·

889 903 1017 969 glegenlim
1037 906 1080 957 sed
1102 906 1210 958 universi
1225 908 1290 959 totas
1305 911 1390 959 noctes
1407 907 1533 960 insomnes
1548 910 1665 974 agebant.

890 1003 972 1060 Quare
992 1002 1055 1054 Galli
1074 1003 1158 1054 iraude
1178 1008 1221 1055 aul
1244 1003 1341 1056 Insidiis
1355 1020 1437 1057 arcem
1451 1008 1506 1072 capi
1520 1021 1592 1071 posse
1611 1006 1670 1059 dos·

889 1104 1011 1163 perantes.
1031 1100 1063 1151 dc
1082 1102 1161 1166 pretio
1178 1115 1250 1168 agera
1265 1106 1402 1169 coperani,
1423 1119 1473 1170 quo
1489 1104 1548 1156 dato
1566 1107 1670 1158 Romani

891 1196 979 1248 urbam
989 1200 1133 1263 reciperent.

921 1410 962 1459 lli.
980 1409 1028 1473 (tt)
1045 1406 1231 1475 Foedcreigitur
1242 1412 1308 1463 lacto
1322 1426 1401 1476 quum
1412 1426 1500 1465 aarum
1509 1383 1610 1469 Romani
1628 1423 1669 1469 al-

892 1533 1023 1598 tulisscnl‚
1043 1547 1143 1585 summa
1164 1547 1241 1598 quam
1256 1532 1321 1585 Galli
1337 1537 1407 1586 crant
1426 1536 1551 1601 accepturi
1571 1540 1671 1590 luerunt

891 1624 956 1677 xxv
966 1626 1066 1677 talenta.
1101 1623 1149 1675 Sed
1160 1624 1241 1688 posita
1252 1623 1336 1687 lance,
1351 1627 1459 1690 primum
1470 1629 1572 1693 quidem
1586 1630 1670 1682 Gallus

888 1745 985 1812 paudus
998 1744 1068 1810 justo
1081 1745 1181 1810 gravina
1195 1747 1293 1810 attulit3
1312 1748 1402 1802 deinde
1418 1751 1604 1817 Indignanlihns
1622 1757 1672 1806 llo·

888 1861 977 1922 maan,
993 1860 1056 1910 adeo
1077 1861 1109 1910 ab
1128 1863 1245 1925 inquitate
1267 1864 1388 1914 servanda
1408 1867 1511 1916 recessit
1524 1871 1552 1918 ut
1573 1872 1598 1918 el
1621 1869 1670 1934 gla-

887 1976 957 2028 dium
969 1991 1027 2027 cum
1039 1977 1127 2040 vagina
1139 1978 1252 2027 elbailcc
1266 1977 1330 2028 lanci
1347 1979 1492 2044 imponeret,
1504 1984 1670 2047 quaestorique

888 2094 992 2157 roganti,
1002 2093 1061 2157 quid
1073 2093 1154 2144 idsibi
1169 2093 1256 2154 vellet,
1269 2095 1473 2159 responderelhis
1489 2096 1550 2161 ipsis
1564 2098 1646 2158 veritis
1661 2118 1667 2148 ι

889 2229 902 2254 ι
916 2213 962 2260 llas
971 2207 1058 2259 victisl
1070 2229 1081 2253 ν
1095 2210 1179 2265 Quum
1188 2211 1272 2259 aulem
1281 2209 1377 2275 pondus
1389 2211 1550 2263 constitutum
1561 2213 1592 2263 ob
1606 2213 1670 2264 Galli

888 2324 1029 2391 superbiam
1042 2338 1091 2374 non
1102 2325 1275 2381 conficeretur.
1287 2325 1330 2375 sed
1344 2327 1416 2377 tertia
1432 2340 1489 2392 pars
1498 2326 1604 2389 deesset,
1619 2333 1670 2380 iio·

887 2439 954 2492 marri
965 2439 1093 2498 abierunt,
1112 2439 1218 2491 induciis
1237 2439 1270 2491 ad
1291 2442 1466 2492 conterendum
1485 2457 1575 2493 aurum
1590 2446 1670 2509 impe·

888 2556 966 2607 tratis.
1000 2554 1122 2606 'inierunt
1140 2561 1222 2607 aulem
1236 2556 1397 2606 barbarorum
1421 2558 1574 2622 superbiam,
1595 2561 1669 2610 nrscii

887 2684 975 2721 eorum
988 2683 1045 2733 qum
1057 2668 1123 2733 apud
1133 2671 1297 2721 exerciluma
1314 2670 1421 2722 chicio
1431 2674 1456 2722 et
1468 2672 1580 2735 Camillo,
1596 2673 1631 2722 ila
1641 2677 1670 2724 ul

888 2787 1008 2850 diximus,
1025 2785 1180 2851 gerebantur,

921 2996 950 3044 x.
964 2993 1015 3058 (tl)
1024 2994 1105 3046 Causa
1114 3007 1159 3043 cnr
1170 2993 1232 3045 Galli
1246 2993 1375 3044 initaliam
1389 2993 1538 3046 transierant
1551 2995 1604 3046 lraec
1616 2996 1670 3047 tuit

889 3113 1000 3160 Lucumo
1009 3110 1171 3160 Etruscorum
1182 3109 1296 3174 princeps
1305 3109 1379 3160 morti
1391 3109 1518 3172 proximus
1530 3111 1584 3161 viro
1593 3110 1668 3172 fideli,

888 3223 929 3273 cui
950 3236 1040 3274 nomen
1066 3222 1163 3284 aranti,
1183 3221 1228 3272 tilii
1250 3223 1353 3273 tutelam
1376 3222 1546 3304 maudaverat.
1589 3229 1669 3288 Alqua

886 3343 967 3390 Arum
978 3343 1077 3390 mortuo
1088 3342 1192 3390 Etrusco
1202 3344 1228 3391 el
1240 3339 1319 3390 tulela
1335 3339 1406 3404 pueri
1417 3343 1533 3403 suscepta
1542 3340 1671 3405 diiigenter

887 3460 1021 3521 sancteque
1043 3455 1115 3505 fldem
1129 3455 1263 3520 praestabat
1275 3456 1417 3522 pupilloque
1430 3456 1515 3507 adulto
1531 3458 1670 3510 universam

885 3571 1049 3626 hereditatem
1071 3575 1168 3633 apalre
1194 3570 1241 3620 sihi
1263 3571 1422 3622 commissam
1447 3572 1558 3624 tradidit.
1592 3575 1671 3638 θυμω

894 3690 1005 3742 beneficii
1023 3689 1146 3753 indignam
1158 3687 1189 3738 ab
1203 3687 1357 3739 adolescente
1376 3689 1481 3754 gratiam
1493 3692 1587 3742 retulit.
1622 3694 1671 3758 (15)

887 3812 948 3861 Erat
966 3808 989 3860 oi
1002 3821 1063 3857 uror
1076 3806 1180 3870 pulchra
1195 3809 1222 3856 el
1248 3805 1401 3868 adolescens,¹
1422 3807 1493 3870 cujus
1507 3809 1671 3861 consuetudi-

886 3941 941 3979 ncm
952 3925 1052 3992 plurimi
1062 3924 1175 3976 iaciebat.
1210 3926 1273 3982 Quas
1286 3936 1342 3973 cum
1360 3937 1390 3974 co
1404 3937 1483 3987 usque
1496 3925 1586 3989 pudica
1607 3927 1667 3977 luis-

886 4049 933 4106 set,
944 4042 1043 4109 juvenis
1058 4055 1143 4093 amore
1161 4044 1249 4104 captus
1265 4052 1357 4102 corpus
1370 4038 1442 4090 simul
1459 4041 1485 4090 el
1502 4041 1612 4091 animum
1632 4043 1670 4093 le·

887 4158 961 4211 mina
976 4159 1086 4220 vitiavit,
1107 4171 1188 4222 acque
1204 4157 1256 4221 jam
1280 4154 1377 4206 occuito
1398 4155 1441 4206 sed
1467 4155 1547 4220 palam
1568 4171 1623 4207 cum
1642 4170 1670 4207 ea

887 4276 980 4328 versari
1004 4276 1107 4327 studuit.
1143 4276 1222 4338 Atque
1250 4277 1349 4335 aruns,
1364 4272 1475 4323 mulieris
1498 4273 1671 4325 abductionem

888 4404 995 4441 moerens
1014 4390 1180 4454 injuriamque
1192 4403 1268 4453 qnam
1284 4390 1317 4440 ab
1329 4393 1435 4451 utroque
1455 4388 1595 4452 patiebatur
1606 4402 1670 4451 angre

890 4494 981 4558 ferens,
998 4509 1055 4546 cum
1068 4496 1100 4546 ab
1113 4497 1144 4547 iis
1159 4510 1256 4560 pmcam
1280 4497 1379 4559 exigere
1389 4496 1512 4558 nequiret,
1534 4494 1669 4560 peregrina·

889 4602 981 4653 tionem
998 4604 1162 4650 mercaturam
1182 4602 1300 4652 simulans
1324 4601 1419 4664 pararit
1440 4615 1497 4650 cum
1514 4600 1670 4650 adulescente

888 4707 941 4757 eins
955 4707 1094 4757 discessum
1116 4706 1220 4756 libenter
1234 4706 1355 4770 acciperet
1372 4709 1397 4758 el
1411 4705 1533 4770 quidquid
1551 4705 1583 4755 ad
1602 4718 1666 4753 mor·

887 4815 998 4863 caturam
1012 4810 1174 4863 exercendam
1190 4824 1253 4875 opus
1263 4816 1316 4862 erat
1332 4813 1510 4877 suppeditaret,
1526 4809 1667 4860 mullisvini

887 4916 984 4980 oleique
994 4916 1090 4966 utribus
1099 4919 1125 4965 el
1147 4917 1249 4966 ilcorum
1261 4915 1353 4966 fiscinis
1367 4917 1392 4965 in
1404 4914 1519 4965 curribus
1533 4913 1668 4977 impositis,

888 5020 914 5071 in
926 5019 1029 5071 Galliam
1045 5018 1169 5083 proiectus
1179 5023 1225 5069 est.

924 5203 966 5252 iil.
981 5203 1026 5262 (tt)
1047 5199 1110 5252 Galil
1124 5212 1154 5250 co
1168 5204 1277 5263 tenpore
1292 5210 1372 5262 necque
1383 5196 1506 5249 rinumde
1521 5199 1571 5250 nite
1591 5213 1666 5251 norc-
