3772 5828
202 313 241 370 'li
728 310 892 372 DlONYSll
914 312 1288 377 fluctuabunssbnsls

205 443 256 522 γάρ
276 439 328 498 ἀπθ
357 444 408 498 τῶν
441 438 547 519 βορείων
567 442 651 516 μερῶν
673 444 687 498 ὁ
706 447 751 500 τοῦ
773 443 859 511 ἄξονος
877 442 971 521 πόλος,

205 529 264 608 περὶ
284 527 311 585 θν
342 532 357 598 ἡ
386 533 431 586 τοῦ
460 527 559 602 κόσμου
589 530 686 608 στροφὴ
715 530 831 606 γίνεται·
852 530 898 588 καί
922 535 974 589 τῶν

205 616 283 674 πέντε
304 614 406 672 κύκλων
427 617 478 671 τῶν
508 614 665 682 διεζωκότων
691 614 738 685 τὴν
759 624 871 696 σφαῖραν
889 620 903 674 ὁ
922 641 973 675 κα-

205 704 328 778 λούμενος
346 701 466 779 ἀρκτικός
486 700 526 758 ael
544 701 605 779 τῇδε
625 700 744 781 φανερὸς,
764 708 931 762 ταπεινοῦται
951 707 975 762 δ’

165 815 178 852 ο
206 790 259 850 ἀπὸ
277 793 328 848 τῶν
349 782 440 847 νοτίοίν
465 791 478 845 θ
507 788 664 863 καλούμενος
694 789 863 869 ἀνταρκτικὸς
882 791 975 857 κύκλος

206 876 306 959 ἀφανὴς
326 876 394 934 κατὰ
417 881 493 933 τοῦτο
515 875 545 932 τδ
565 875 652 952 μέρος.
696 877 774 942 Etsi<
797 875 828 948 δὴ
848 877 974 956 κράτιστα

206 968 257 1023 τῶν
276 965 402 1044 οὐρανίων
418 963 463 1021 καί
483 962 629 1042 μεταρσίων
653 964 768 1039 σημείων
789 964 915 1042 ὑπάρχειν
935 965 974 1024 δυ’

206 1056 235 1112 έκ
252 1059 297 1111 τοῦ
320 1050 459 1130 κρατίστου
479 1053 576 1127 γίνεται
596 1049 702 1126 μέρους·
723 1051 811 1120 ἐπειδὴ
828 1051 855 1109 δέ
873 1053 914 1119 τὰ·
926 1051 974 1129 μθν

206 1141 373 1220 ἐστραμμένα
384 1138 447 1217 πρὸς
465 1138 512 1204 τθις
532 1137 659 1205 ἀνατολθις
678 1139 903 1220 ἡγεμονικωτέραν
915 1145 972 1216 poi·

59 1252 62 1261 ’
154 1249 179 1287 ιο
206 1253 253 1310 ραν
273 1228 328 1309 ίχει
342 1232 392 1286 τῶν
414 1225 624 1306 προσεσπερίων,
646 1228 731 1285 αὐτῶν
752 1227 780 1284 δέ
795 1250 823 1302 γε
839 1231 890 1286 τῶν
912 1229 975 1285 α’να·

204 1321 316 1377 τολικῶν
346 1316 494 1395 ὑψηλότερα
513 1314 546 1370 τὰ
577 1313 666 1392 βόρεια
693 1317 745 1372 τῶν
771 1317 876 1385 νοτίων,
902 1313 975 1373 ταῦτ’

206 1407 238 1465 ἂν
259 1403 299 1474 εἰη
326 1403 466 1479 κράτιστα.
509 1400 554 1467 Ὦς
571 1401 598 1459 δέ
621 1423 687 1467 τινες
705 1404 850 1479 ἱστοροῦσιν
874 1404 904 1459 έκ
921 1426 976 1460 πα-

205 1496 280 1551 λαιοῦ
299 1514 327 1549 τε
347 1490 392 1547 καὶ
419 1489 480 1568 πρὶν
501 1485 518 1545 λ
544 1487 616 1565 παρὰ
642 1491 785 1567 Τυρρηνῶν
805 1494 895 1566 μαθεῖν
922 1493 975 1555 τοῖς

206 1578 347 1656 Ῥωμαίων
367 1576 501 1655 προγόνοις
529 1575 608 1634 αἴσιοι
637 1577 783 1652 ένομίζοντο
811 1580 838 1633 αἱ
866 1579 895 1634 tx
923 1579 975 1634 τῶν

154 1685 178 1722 is
205 1669 348 1747 ἀριστερῶν
369 1663 513 1743 ἀστραπαί.
557 1663 684 1743 Ἀσκανίῳ
707 1663 756 1743 γάρ
774 1667 811 1744 τῷ
825 1662 851 1730 ἰξ
873 1665 975 1724 Αἰνείου

205 1756 338 1835 γεγονότι,
363 1752 422 1811 καθ’
441 1751 468 1809 ὃν
488 1751 581 1830 χρόνον
612 1752 663 1811 bnis
689 1754 847 1830 Τυρρηνῶν,
864 1751 907 1818 οθς
926 1743 975 1829 ἦγε

206 1843 328 1924 βασιλεῦς
351 1839 508 1912 Μεσέντιος,
542 1842 696 1917 ἐπολεμεῖτο
720 1841 764 1899 καί
784 1839 906 1920 τειχήρης
926 1833 973 1915 ἦν,

204 1928 265 2008 περί
279 1929 326 1997 τὴν
342 1925 495 1986 τελευταίαν
517 1925 622 1999 ἔξοδον,
640 1927 673 2000 ἣν
690 1926 845 2004 ἀπεγνωκὼς
857 1927 908 1999 ἤδη
922 1931 973 1986 τῶν

204 2018 367 2096 πραγμάτων
391 2014 484 2089 ἔμελλε
514 2019 659 2086 ποιεῖσθαι,
684 2013 743 2090 μετ’
763 2016 909 2093 ὀλοφυρμοῦ
930 2015 973 2072 τόν

151 2131 178 2169 σο
204 2126 234 2162 τε
257 2103 307 2164 Δία
332 2102 377 2160 καὶ
398 2099 456 2166 τοῦς
479 2099 572 2165 ἄλλους
593 2101 736 2178 αἰτουμένῳ
756 2099 826 2164 θεοὺς
839 2099 911 2158 αἴσια
926 2123 974 2169 ση·

206 2198 267 2270 μεῖα
285 2193 332 2260 τῆς
355 2187 544 2256 tilionacum
563 2185 642 2266 φασίν
658 2186 758 2264 αἰθρίας
781 2184 858 2256 οῦσης
874 2189 904 2246 tas
921 2191 973 2246 τῶν

206 2279 349 2354 ἀριστερῶν
372 2274 504 2352 ἀστράψαι
525 2272 568 2330 τὸν
590 2273 708 2352 οὐρανόν.
752 2275 807 2333 Τοῦ
831 2273 852 2331 θ’
876 2276 974 2352 ἀγῶνος

205 2366 302 2425 ἰκείνου
335 2362 460 2424 λαθόντας
493 2359 523 2419 ab
558 2359 696 2440 κράτιστον
723 2357 811 2432 τέλος,
841 2362 973 2438 διαμεῖναι

205 2452 277 2534 παρθι
304 2453 358 2516 τοῖς
383 2448 495 2527 ἐγγόνοις
515 2450 593 2507 αὐτοῦ
619 2447 785 2524 νομιζόμενον
808 2446 891 2507 αίσιον
915 2450 974 2508 τόδε

152 2572 179 2611 25
205 2540 234 2599 τθ
254 2546 373 2616 σημεῖον.

245 2627 296 2688 Vi.
317 2623 384 2703 Τότε
398 2622 422 2681 δ’
440 2613 510 2682 οθνθ
525 2621 676 2697 Ῥωμύλος,
692 2623 780 2694 ἐπειδὴ
798 2621 832 2682 sit
847 2624 919 2703 παρὰ
929 2630 973 2682 τοῦ

206 2715 340 2792 δαιμονίου
358 2711 453 2792 βέόαια
467 2709 631 2790 προσέλαθε,
652 2712 813 2788 συγκαλέσας
833 2713 875 2771 τὸν
891 2715 972 2787 δῆμον

205 2807 240 2872 εἰς
264 2800 404 2872 ἐκκλησίαν
431 2798 477 2857 καί
501 2798 535 2858 τθι
564 2807 674 2874 μαντεῖα
703 2797 823 2872 δηλώσας
852 2799 973 2878 βασιλεὺς

205 2891 388 2952 ἀποδείκνυται
412 2885 473 2968 πρὸς
493 2887 593 2956 αὐτῶν,
608 2885 654 2943 καὶ
671 2886 850 2956 κατεστήσατο
872 2889 897 2945 έν
922 2887 973 2945 ίθει

152 3004 180 3045 sn
204 2990 258 3045 τοῖς
278 2978 335 3053 μετ’
358 2975 434 3033 αὐτὸν
454 2974 536 3031 θπασι
555 2973 622 3047 μήτε
646 2973 778 3051 βασιλείας
805 2973 867 3048 μήτ’
887 2975 971 3053 ἀρχθις

205 3065 365 3142 λαμῦάνειν,
388 3061 432 3120 tle
453 3061 489 3137 pl,
514 3060 559 3119 καί
580 3062 609 3119 τὸ
633 3062 766 3135 δαιμόνιον
783 3064 869 3126 αὐτοῖς
883 3063 973 3121 ἰπιθε-

205 3154 303 3233 σπίση·
318 3150 429 3227 διέμεινέ
451 3172 479 3208 τε
498 3149 577 3229 μέχρι
595 3151 691 3208 πολλοῦ
710 3149 901 3228 φυλαττόμενον
921 3151 971 3210 ὑπὸ

205 3239 348 3315 Ῥωμαίων
377 3236 406 3296 τό
433 3237 493 3313 περὶ
518 3236 577 3301 τοὺς
602 3236 754 3312 οἰωνισμοὺς
784 3236 910 3314 νόμιμον,
943 3242 971 3296 οὗ

204 3328 281 3406 μόνον
310 3331 356 3397 τῆς
377 3326 477 3390 πόλεως
498 3322 717 3401 βασιλευομένης,
738 3324 806 3384 ἀλλά
835 3325 880 3382 καί
907 3327 972 3402 μετὰ

151 3441 178 3480 σι
203 3416 251 3487 τὴν
275 3415 417 3472 κατάλυσιν
436 3415 487 3470 τῶν
505 3411 653 3490 μονάρχων,
672 3412 698 3468 έν
714 3414 821 3469 θπάτων
835 3411 878 3470 καί
890 3433 972 3490 στρα-

204 3506 291 3580 τηγῶν
318 3504 361 3560 καὶ
386 3506 438 3560 τῶν
462 3501 549 3559 ἄλλων
569 3504 619 3558 τῶν
638 3499 707 3558 κατὰ
723 3501 816 3575 νόμους
840 3500 971 3579 ἀρχόντων

206 3590 312 3667 αἱρέσει.
356 3586 496 3649 Πίπαυται
513 3587 535 3646 θ’
557 3589 583 3645 έν
607 3595 660 3654 τοῖς
678 3587 738 3646 καθ’
759 3593 830 3663 ἡμᾶς
852 3587 970 3666 χρόνοις,

206 3677 274 3748 πλὴν
294 3668 346 3735 οἷον
362 3676 437 3736 εἰκῶν
457 3700 496 3742 τις
517 3679 596 3734 αὐτοῦ
617 3675 735 3734 λείπεται
746 3680 792 3746 τῆς
807 3676 878 3741 ὁσίας
892 3678 971 3741 αὖτῦς

207 3768 281 3826 ἕνεκα
309 3765 441 3842 γινομένη.
496 3763 698 3830 Ἐπαυλίζοντσι
723 3763 771 3838 μίν
796 3763 847 3840 γὰρ
878 3764 901 3821 si
926 3761 972 3829 τάς

152 3876 179 3915 m
207 3854 288 3933 ἀρχὰς
313 3853 449 3928 μελλοντες
476 3849 636 3927 λαμθοίνειν,
664 3852 709 3910 καί
734 3848 793 3926 περί
816 3849 859 3906 τὸν
883 3848 972 3927 ὄρθρον

207 3941 373 4016 ἀνιστάμενοι
388 3940 521 3999 ποιοῦνταί
535 3962 606 4005 τινας
623 3937 700 4017 εθχθις
718 3936 864 4014 ὑπαίθριοι·
886 3939 936 3994 τῶν
947 3936 973 3995 δέ

206 4029 340 4104 παρόντων
359 4027 425 4092 τινὲς
441 4026 644 4105 ὀρνιθοσκόπων,
666 4025 756 4100 μισθὸν
776 4026 806 4083 ἰκ
826 4029 871 4082 τοῦ
891 4025 973 4100 δημο-

207 4115 263 4172 σίου
287 4117 445 4190 φερόμενοι,
470 4111 607 4191 ἀστραπὴν
628 4115 714 4179 αθτοῖς
734 4113 840 4189 μηνύειν
867 4113 897 4170 ἐκ
923 4114 974 4170 τῶν

206 4204 347 4278 ἀριστερῶν
370 4225 448 4279 φασιν
462 4199 510 4270 τὴν
532 4201 561 4260 οὐ
583 4200 734 4277 γενομένην.
777 4203 812 4260 Οἱ
832 4198 858 4258 δέ
877 4198 921 4257 τόν
944 4201 974 4257 έκ

152 4312 177 4353 ιο
207 4294 254 4359 τῆς
273 4292 359 4363 φωνῆς
380 4288 467 4346 οἰωνὸν
487 4287 625 4358 λαθόντες,
647 4288 805 4368 ἀπέρχονται
824 4287 871 4353 τίς
889 4285 975 4364 ἀρχάς

209 4376 438 4456 παραληψόμενοι,
459 4379 483 4435 οἱ
503 4376 550 4452 μέν
570 4377 634 4436 αὐτὸ
656 4377 726 4436 τοῦθ’
744 4377 834 4436 ἱκανὸν
855 4377 975 4453 θπολαμ·

204 4463 324 4528 όάνοντες
349 4454 427 4534 εἰναι,
452 4463 480 4522 τὸ
506 4469 607 4541 μηδένα
629 4469 746 4542 γενέσθαι
774 4469 825 4523 τῶν
844 4469 973 4525 έναντιου·

204 4555 288 4632 μένων
298 4576 325 4610 τε
336 4551 381 4609 καὶ
391 4551 541 4612 κωλυόντων
551 4557 661 4628 οἰωνῶν,
673 4555 697 4612 οῖ
709 4553 864 4634 θίκαλπαρθ
873 4553 902 4612 τὸ
913 4555 973 4632 βοιί-

203 4645 276 4717 λημα
297 4645 341 4698 τοῦ
361 4644 419 4697 θεοῦ
443 4641 599 4712 κωλύοντος,
621 4643 674 4700 ἔστι
693 4642 743 4722 γάρ
763 4641 806 4699 ότι
827 4642 972 4721 βιαζόμενοι

150 4736 176 4775 ⁶⁰
201 4730 246 4789 καί
266 4728 311 4794 τάς
332 4727 416 4808 ἀρχὰς
440 4727 602 4803 ἁρπάζοντες
617 4730 716 4801 μᾶλλον
741 4728 758 4798 ἢ
785 4727 970 4804 λαμβάνοντες.

202 4818 244 4881 Δι’
263 4818 305 4884 οῦς
326 4816 421 4875 πολλαί
442 4816 489 4892 μέν
505 4818 531 4874 έν
545 4820 578 4895 γῇ
599 4817 719 4895 στρατιαὶ
738 4815 881 4891 Ῥωμαίων
901 4816 975 4874 ιἰπῶ·

203 4908 279 4966 λοντο
305 4905 482 4985 πανώλεθροι,
509 4904 601 4962 πολλοί
631 4903 654 4961 δ’
683 4907 709 4963 ἰν
740 4903 856 4979 θαλάττῃ
888 4901 974 4961 στόλοι

205 4994 380 5070 διεφθάρησαν
405 4991 545 5070 αὔτανδροι
552 5036 561 5065 ,
584 4992 662 5049 ἄλλαι
682 5014 710 5049 τε
730 4991 842 5068 μεγάλαι
865 4988 910 5048 καί
925 4988 974 5046 δει-

203 5080 244 5136 ναί
268 5082 476 5160 περιπέτειαιτῇ
496 5079 570 5140 πόλει
594 5078 752 5153 συνέπεσον,
778 5080 801 5138 οἱ
823 5077 870 5154 μέν
891 5077 919 5133 έν
940 5078 969 5135 ό-

1032 444 1063 493 ab
1082 446 1264 508 septentrionali
1279 447 1349 511 plaga
1371 448 1447 512 ipsius
1462 449 1515 499 axis
1536 453 1622 514 polus,
1642 452 1707 504 eirca
1728 468 1800 518 quem

1031 543 1138 593 mundus
1152 544 1261 595 volvitur
1281 566 1286 596 :
1308 551 1360 597 etc
1376 547 1486 610 quinquo
1505 550 1601 600 arculis
1621 553 1663 614 qui
1681 553 1801 616 sphaeram

1031 639 1151 700 ambiunt,
1165 640 1207 691 ills
1225 642 1268 704 qui
1281 647 1382 692 vocatur
1401 646 1508 695 arcticus
1524 644 1548 695 in
1563 647 1608 696 bac
1622 649 1718 710 regione
1734 663 1798 701 sern-

1028 747 1071 796 per
1082 739 1206 799 apparet3
1229 738 1336 787 circulos
1358 751 1416 789 rero
1430 740 1471 801 oui
1493 742 1641 793 antarcticus
1666 746 1798 810 appellatur

1029 832 1060 881 ab
1088 833 1190 884 australi
1223 837 1302 883 tractu
1330 833 1461 898 depressus
1490 835 1515 885 in
1545 837 1589 887 liae
1618 843 1686 902 parte
1710 840 1799 892 delite-

1029 927 1082 978 scit.
1127 928 1264 979 Verisimile
1285 934 1367 980 autem
1386 934 1424 981 est
1445 931 1509 981 inter
1528 934 1609 983 omnia
1635 935 1717 999 signa,
1741 951 1798 1002 qum

1029 1023 1053 1072 in
1070 1024 1131 1074 emin
1142 1027 1168 1076 ct
1189 1024 1285 1075 sublimi
1303 1025 1366 1076 airis
1384 1027 1480 1091 regione
1501 1029 1673 1093 observantur,
1691 1046 1720 1082 ea
1737 1047 1799 1096 prae·

1029 1121 1178 1171 stantisaima
1196 1134 1250 1172 esse
1266 1136 1322 1186 qum
1338 1136 1353 1171 a
1369 1127 1436 1186 parte
1454 1126 1657 1188 prestantissima
1675 1134 1792 1192 apparent

1029 1217 1148 1274 Quoniam
1161 1222 1244 1269 autem
1263 1224 1346 1282 partes
1364 1221 1481 1271 orientem
1502 1235 1589 1274 versus
1600 1228 1737 1287 spectantes
1751 1237 1799 1277 me

1028 1312 1101 1362 liores
1114 1312 1234 1363 habentur
1246 1327 1319 1377 quam
1335 1323 1417 1379 partes
1430 1317 1601 1380 occidentales,
1619 1322 1670 1368 lum
1686 1321 1758 1370 etiam
1771 1307 1799 1371 in'

1029 1408 1068 1457 bis
1077 1409 1133 1471 ipsis
1145 1409 1303 1462 orientalibus
1311 1412 1456 1463 excelsiores
1476 1418 1533 1464 sunt
1545 1415 1655 1465 boreales
1668 1430 1741 1479 quam
1746 1413 1799 1467 bia-³·
1820 1446 1827 1456 ι

1028 1505 1131 1567 strales,
1150 1506 1237 1557 mento
1248 1509 1432 1562 heababentur
1451 1512 1550 1576 optima.
1584 1515 1614 1562 Ul
1627 1527 1686 1564 vero
1700 1491 1799 1576 quidam

1029 1598 1139 1661 tradunt,
1148 1600 1197 1650 iam
1210 1602 1294 1665 priscis
1311 1606 1460 1668 tenporibus
1469 1611 1525 1657 ante
1537 1609 1656 1671 receptam
1670 1609 1798 1658 Etruscam

1029 1691 1178 1754 disciplinam
1188 1696 1351 1745 Romanorum
1361 1698 1465 1747 maiores
1474 1712 1488 1747 a
1498 1698 1601 1749 sinistris
1612 1699 1740 1749 emicantia
1751 1700 1797 1749 lul·

1029 1797 1089 1846 gura
1110 1784 1187 1835 telleia
1202 1785 1350 1838 iudicabant.
1381 1789 1486 1840 Ascanio
1499 1791 1564 1840 enim
1577 1793 1659 1842 AEiteae
1673 1791 1733 1853 illio,
1748 1806 1799 1855 quo

1029 1878 1176 1941 temporcab
1186 1879 1303 1939 Etruscis,
1312 1880 1400 1942 quibus
1413 1895 1457 1931 ren
1465 1884 1599 1934 Mezentius
1616 1888 1728 1948 praeerat,
1735 1859 1800 1936 bello

1029 1973 1054 2020 et
1060 1968 1184 2020 obsidione
1198 1972 1359 2034 premebatur,
1369 1974 1393 2022 ιό
1406 1977 1514 2024 extrema
1526 1976 1660 2038 eruptione,
1669 1991 1744 2040 (γουσι
1754 1970 1797 2029 ιοέ

1029 2060 1125 2111 busiam
1133 2062 1384 2125 desperatisiacturus
1392 2068 1454 2125 erat,
1465 2079 1519 2116 cum
1529 2068 1701 2119 lamentatione
1715 2053 1799 2122 torem

1028 2156 1054 2203 ct
1066 2154 1173 2218 reliquos
1183 2154 1243 2205 deos
1255 2155 1376 2219 precanti,
1388 2159 1417 2205 ut
1427 2156 1473 2206 sibl
1485 2158 1541 2207 felix
1555 2144 1653 2222 aliquod
1662 2163 1798 2224 eruptionis

1028 2244 1123 2307 signum
1148 2246 1243 2306 starent,
1269 2248 1350 2296 terunt
1370 2259 1455 2298 sereno
1477 2250 1537 2298 melo
1566 2251 1700 2300 asinislra
1717 2252 1798 2316 t'ulgur

1027 2341 1163 2393 emicuisse.
1195 2343 1266 2400 Quod
1283 2344 1392 2408 siguum,
1414 2343 1472 2406 quia
1496 2345 1607 2408 proelium
1627 2348 1680 2395 tum
1699 2346 1722 2396 ei
1744 2348 1796 2398 leli·

1028 2431 1125 2482 eissime
1147 2434 1278 2492 successit,
1293 2434 1358 2499 apud
1381 2439 1492 2499 posterus
1518 2440 1633 2500 perpetuo
1653 2437 1710 2486 ielix
1727 2438 1798 2488 habi-

1029 2527 1082 2573 tum
1094 2538 1156 2575 asse.

1058 2627 1101 2675 vl.
1119 2628 1187 2676 Tunc
1198 2625 1271 2689 igitur
1282 2627 1408 2688 llomnlus,
1420 2641 1477 2678 cum
1491 2641 1506 2678 a
1520 2628 1567 2678 diis
1590 2631 1657 2679 certa
1677 2631 1716 2680 sui
1730 2634 1797 2695 regni

1028 2723 1096 2787 sigua
1104 2724 1245 2788 accepisset,
1263 2726 1438 2776 convocatoad
1456 2727 1594 2777 contionem
1613 2728 1701 2791 populo
1716 2734 1797 2779 etau-

1028 2824 1110 2887 spiciis
1121 2824 1258 2884 declaratis,
1271 2825 1302 2874 ab
1313 2825 1364 2875 illis
1372 2839 1416 2876 rex
1427 2830 1538 2887 creatur;
1553 2829 1578 2877 et
1588 2827 1653 2877 bunc
1666 2841 1758 2878 morem
1770 2828 1793 2877 in

1027 2933 1150 2994 posteram
1160 2930 1192 2980 ab
1202 2931 1317 2982 omnibns
1328 2932 1476 2982 servandum
1485 2933 1600 2995 instituit,
1613 2947 1642 2985 ne
1651 2935 1799 2997 qubautrc·

1027 3045 1102 3095 gnum
1110 3036 1154 3081 aut
1163 3032 1331 3095 magistratum
1342 3037 1447 3095 caperet,
1456 3033 1501 3082 nisi
1513 3037 1538 3083 ct
1551 3034 1603 3097 ipsa
1614 3034 1654 3085 dcl
1667 3035 1800 3085 auctoritas

1026 3131 1253 3194 id·compmbasset,
1266 3135 1342 3195 atquc
1357 3131 1396 3181 bic
1407 3145 1460 3182 mos
1484 3133 1659 3196 captandorum
1677 3134 1797 3198 auspicio-

1027 3250 1083 3287 rum
1097 3237 1167 3288 diua
1185 3235 1301 3288 Romanis
1316 3235 1460 3287 observatus
1478 3241 1525 3293 est,
1545 3251 1592 3287 noa
1610 3239 1689 3289 solum
1704 3239 1750 3289 sub
1761 3254 1796 3291 ra·

1027 3336 1107 3401 gibus,
1130 3336 1173 3389 sed
1192 3337 1270 3387 etiam
1281 3340 1337 3399 post
1348 3339 1449 3386 exactos
1464 3350 1543 3400 reges,
1554 3338 1578 3387 in
1593 3339 1728 3398 consulum,
1742 3352 1807 3401 praa-

1026 3447 1117 3503 tcrum,
1133 3447 1158 3493 et
1173 3442 1277 3493 aliorum
1287 3442 1450 3506 legitimorum
1465 3443 1649 3506 magistratuum
1668 3443 1797 3496 creatione.

1027 3551 1059 3597 st
1073 3549 1156 3598 nostra
1169 3548 1242 3596 etate
1260 3545 1300 3595 bic
1313 3556 1367 3594 mos
1379 3543 1490 3595 sublatus
1507 3547 1560 3606 est,
1578 3547 1604 3594 et
1615 3547 1712 3594 tantiam
1725 3558 1798 3608 qum·

1027 3653 1083 3702 dam
1102 3652 1155 3704 eius
1172 3651 1252 3716 imago
1271 3649 1392 3715 religionis
1416 3663 1503 3700 caussa
1525 3651 1641 3698 remanet.
1654 3648 1801 3710 besgnatam

1027 3758 1091 3807 enirn
1108 3758 1191 3809 sellem
1211 3756 1324 3820 capiunt,
1344 3757 1370 3805 et
1391 3754 1437 3803 snb
1456 3755 1625 3817 crepusculum
1650 3753 1798 3802 matutinum

1028 3864 1140 3925 surgunt,
1157 3864 1182 3910 et
1206 3859 1324 3922 quasdam
1344 3869 1428 3921 preces
1447 3856 1494 3905 sub
1514 3855 1555 3904 (lio
1574 3858 1702 3917 peragunt.
1734 3855 1798 3902 Tum

1028 3963 1118 4028 aliquis
1135 3977 1165 4013 ex
1180 3961 1321 4026 auspicibus
1336 3961 1379 4023 qui
1397 3959 1485 4009 adsunt
1500 3957 1591 4019 quique
1610 3955 1707 4020 publica
1720 3968 1796 4019 peen-

1028 4066 1068 4115 nia
1085 4065 1183 4114 aluntur
1209 4063 1317 4125 iulgura
1337 4058 1443 4118 sinistra,
1465 4057 1578 4120 quamvis
1603 4055 1697 4106 nullum
1715 4068 1789 4118 appa-

1028 4163 1112 4224 ruerit,
1128 4163 1206 4212 visum
1218 4159 1364 4225 pronuntiat.
1398 4159 1436 4209 llli
1450 4171 1508 4208 iero
1522 4158 1622 4219 accepto
1638 4154 1705 4205 vocis
1716 4155 1798 4206 omine

1028 4264 1058 4312 eil
1079 4263 1246 4325 magistratum
1266 4258 1410 4322 capientium
1434 4256 1545 4307 abeunt:
1567 4255 1675 4308 nonnulli
1700 4254 1798 4318 quidem

1029 4371 1076 4421 rati
1091 4370 1136 4419 boc
1158 4367 1237 4430 ipsum
1256 4364 1376 4423 sufficere,
1400 4361 1468 4426 quod
1488 4361 1580 4412 nullum
1603 4359 1754 4410 contrarium
1773 4362 1799 4407 et

1028 4450 1158 4528 ailrcrsum
1189 4471 1325 4534 auspicium
1350 4469 1488 4532 apparuerit
1510 4484 1519 4517 ι
1544 4464 1650 4516 nonnulli
1674 4477 1733 4512 vero
1759 4464 1798 4511 rel

1029 4582 1113 4629 contra
1135 4575 1213 4639 ipsius
1231 4570 1270 4622 dei
1292 4570 1444 4635 prohibentis
1473 4564 1622 4617 adnotatam
1643 4583 1650 4613 ι
1676 4562 1797 4613 interdum

1028 4678 1092 4730 enlm
1114 4673 1273 4738 magistratus
1293 4671 1397 4734 pervim
1416 4669 1498 4733 potius
1520 4665 1624 4729 rapiunt,
1644 4677 1718 4725 quam
1737 4661 1799 4710 acci·

1027 4779 1107 4843 piant.
1140 4777 1293 4838 Quapropter
1309 4770 1381 4821 multi
1397 4771 1524 4820 terrestres
1544 4770 1709 4817 Romanorum
1728 4776 1798 4812 exer-

1027 4879 1092 4930 citus
1106 4875 1268 4928 internecione
1282 4872 1355 4923 deleti
1370 4874 1436 4931 sunt,
1445 4873 1469 4920 et
1480 4869 1565 4919 multas
1583 4869 1674 4917 classes
1692 4867 1716 4913 in
1735 4864 1797 4911 inari

1027 4995 1076 5032 una
1087 4993 1145 5030 cum
1159 4978 1218 5041 ipsis
1233 4973 1351 5025 militibus
1368 4971 1507 5037 perierunt,
1529 4969 1631 5032 aliaeque
1643 4964 1727 5015 clailes
1741 4976 1795 5011 ma-

1027 5095 1081 5146 gma
1102 5084 1228 5145 etgraves
1251 5074 1390 5140 reipublice
1408 5072 1558 5133 acciderunt,
1578 5083 1632 5119 cum
1648 5067 1671 5117 in
1690 5062 1798 5115 externis
