3772 5828
608 369 899 444 nitttob'rrnrbtt
920 370 1067 436 botran.
1091 376 1163 438 LlB.
1190 381 1244 439 tx.

114 491 257 564 ἀνήκεστον
269 493 301 554 ἄν
315 518 341 554 τε
355 496 436 557 κακδν
454 498 649 582 ἐξειργάσαντο.
695 500 745 562 Ἐκ
756 502 783 562 δὲ
795 502 888 562 τούτου

113 579 254 651 διειστήκει
268 589 343 640 πῦσα
354 586 371 653 ἡ
384 586 474 661 πόλις,
489 585 535 643 καὶ
544 589 568 645 σί
579 585 644 653 τέως
654 591 831 668 ἡσυχάζοντες
840 589 889 661 δή·

114 691 212 748 μαρχοι
222 669 282 730 τότε
296 674 435 750 ἠγριοῦντο
456 674 501 733 καὶ
520 678 572 734 τῶν
587 675 695 737 ύπιίτων
714 676 887 758 κατηγόρουν.

114 761 296 838 Περιειστήκει
307 785 335 820 τε
347 767 364 834 ἡ
379 764 495 843 περὶτῆς
509 768 670 848 κληρουχίας
678 769 770 839 στάσις
785 774 822 841 είς
835 774 891 834 ἑτέ.

70 869 83 905 ιι
113 872 159 926 ραν
182 849 288 919 μείζονα
310 850 353 909 δεδι
367 851 411 928 τὸν
431 852 496 934 ὑπὲρ
512 860 556 913 τοῦ
573 859 674 936 κόσμου
690 862 737 930 τῆς
756 863 891 933 πολιτείας

111 938 211 1014 ἀγῶνα.
254 941 288 1000 Οἱ
304 939 351 1017 μὲν
365 962 395 1018 γε
409 945 544 1021 πατρίκιοι
557 945 610 1012 τοῖς
629 944 739 1015 ύπιίτοις
758 952 793 1017 ὡς
806 973 890 1010 κατα-

113 1029 241 1105 λυομένης
258 1034 344 1090 αῦτῶν
364 1033 412 1101 τῆς
431 1030 548 1101 ἐξουσίας
567 1039 825 1112 συναγανακτοῦντες
844 1035 889 1094 τδν

113 1118 266 1178 ἐπιόέλλεεν
279 1127 334 1186 τοῖς
344 1119 488 1197 ὑπηρέταις
499 1120 670 1197 τολμήσαντα
686 1122 755 1183 κατὰ
770 1127 890 1204 κρημνοῦ

115 1208 205 1286 βαλεῖν
219 1207 318 1279 ἠξίουν.
370 1211 406 1269 Ol
421 1207 449 1267 δέ
465 1210 603 1286 δημοτικοί
624 1211 819 1295 συστρέψαντας
838 1217 889 1272 αθ-

61 1318 85 1355 ιυ
113 1296 171 1362 τοῦς
191 1297 326 1357 κατεύόων
346 1321 373 1356 τε
391 1296 438 1356 καί
457 1299 666 1378 παρεκελεύοντο
683 1300 720 1378 μή
737 1301 890 1381 προδιδόναι

113 1387 185 1463 σφῶν
197 1385 244 1456 τὴν
255 1385 412 1466 ἐλευθερίαν,
428 1386 488 1445 ἀλλ’
501 1385 546 1447 ἐπί
555 1386 604 1459 τήν
624 1387 720 1469 βουλήν
735 1387 766 1447 εδ
775 1397 888 1470 πρᾶγμα

113 1472 184 1550 ἄγειν
206 1475 251 1531 καί
274 1479 326 1535 τῶν
342 1475 450 1533 ύπυίτων
469 1484 626 1555 κατηγορεῖν
650 1476 695 1537 καί
720 1477 794 1549 δίκης
819 1473 887 1542 τινδς

113 1563 177 1641 παρ’
195 1564 280 1621 αὐτῶν
298 1561 386 1641 ἠξίουν
409 1563 514 1642 τυχεῖν,
541 1562 581 1622 δτι
600 1566 645 1623 τδν
663 1563 888 1642 ἐπικαλεσάμενον

113 1650 142 1706 ἐκ
158 1654 211 1707 τῶν
226 1651 373 1730 δημάρχων
391 1650 512 1730 βοήθειαν
537 1652 582 1712 καλ
604 1655 631 1712 ἐν
646 1657 683 1733 τῷ
700 1653 778 1735 δήμῳ
801 1652 887 1733 κρίσιν

62 1762 85 1800 ts
113 1738 219 1817 ὑπέχειν
235 1741 259 1796 εἴ
272 1762 298 1796 τι
313 1740 466 1814 πλημμελεῖ
482 1739 639 1817 βουλόμενον
653 1741 789 1821 οὐδετέρου
799 1747 888 1819 τυχεῖν

112 1824 204 1883 εἴασαν
218 1830 269 1884 τῶν
294 1827 420 1899 δικαίων,
437 1828 497 1886 ἀλλ’
519 1829 551 1886 ἐν.
563 1827 726 1908 ἀνδραπόδου
749 1827 829 1909 μοέρορ
843 1827 888 1887 τδν

111 1914 244 1994 ἐλεύθερον
255 1916 300 1974 καί
318 1914 428 1988 πολίτην
449 1913 537 1976 ἔθεντο
553 1916 640 1976 παίειν
660 1917 885 1995 ἐπικελευόμενοι.

112 2003 350 2084 Ἀντιτεταγμένων
382 2005 413 2076 δή
439 2003 553 2076 τούτων,
578 2005 624 2064 καί
651 2002 794 2087 οὐδετέρων
818 1995 886 2073 εἶξαι

115 2094 279 2172 βουλομένων
293 2100 346 2161 τοῖς
362 2090 468 2171 ίτίροις,
486 2090 556 2159 ἅπας
573 2092 689 2159 θλοιπδς
704 2095 751 2161 τῆς
765 2091 892 2159 ὑπατείας

59 2201 86 2240 νο
113 2180 212 2251 ἐκείνης
233 2180 382 2251 ἐδαπανήθη
398 2179 502 2259 χρόνος,
525 2178 585 2238 οὔτε
600 2181 757 2253 πολεμικαῖς
779 2178 892 2260 πράξεσι
912 2176 917 2217 ²

112 2267 253 2346 κοσμηθελς
269 2269 363 2336 καλαῖς
375 2266 433 2327 ούτε
449 2269 596 2334 πολιτικαῖς
610 2267 789 2344 λόγουόξίαις.

151 2361 212 2421 XL.
247 2360 431 2420 Ἐπιστέντων
457 2359 484 2417 δὲ
509 2360 562 2416 τῶν
588 2355 766 2438 ἀρχαιρεσίων
789 2355 888 2415 ίίπατοι

112 2449 159 2523 μὲν
184 2451 379 2529 ἀπεδείχθησαν
408 2446 520 2513 Λεύκιος
552 2447 677 2525 Πινάριος
698 2447 744 2504 καῖ
771 2444 889 2509 Πόπλιος

112 2537 234 2616 Φούριος.
278 2535 323 2595 Ἐν
340 2539 410 2615 α’ρχῗΙ
426 2535 453 2592 δέ
472 2540 519 2594 τοῦ
532 2533 603 2600 ίτους
616 2533 689 2601 εύθῦς
705 2533 806 2598 ὀττείας
821 2532 890 2598 τινδς

57 2645 84 2682 es
112 2627 220 2696 ἡπόλις
240 2625 381 2703 ἐπληρώθη
400 2622 446 2681 καὶ
463 2621 545 2704 φόύου
563 2624 714 2699 δαιμονίου,
727 2619 844 2701 τερέτων
858 2643 888 2679 τε

112 2713 158 2773 καί
180 2715 297 2791 σημείων
320 2715 425 2773 πολλῶν
441 2712 607 2789 γενομένων,
627 2711 673 2770 καί
693 2707 720 2769 οἵ
737 2733 766 2770 τε
781 2708 888 2787 μέντεις

112 2804 224 2870 ἅπαντες
241 2803 286 2861 καί
304 2805 327 2862 οἳ
348 2805 399 2860 τῶν
418 2804 495 2882 ἱερῶν
510 2799 636 2879 ἐξηγηταί
650 2801 732 2879 χόλου
755 2797 887 2877 δαιμόνων

111 2892 256 2970 μηνύματα
270 2884 336 2950 εἶναι
350 2891 384 2950 τδι
396 2891 521 2969 γινόμενα
540 2889 700 2969 ἀπέφαινον,
718 2891 795 2970 ίερῶν
811 2909 888 2946 τινων

110 2984 160 3064 οὐχ
178 2980 256 3049 ὁσίως
278 2979 337 3039 otti
359 2983 479 3059 καθαρῶς
505 2978 727 3053 ἐπιτελουμένων.
780 2976 835 3037 ital
858 2980 888 3037 οὒ

57 3086 84 3125 ³0
111 3071 180 3149 μετθι
196 3069 262 3132 πολύ
278 3070 353 3138 νόσυς
373 3068 518 3148 ἐνέσκηψεν
536 3069 572 3134 είς
592 3066 638 3134 τδς
656 3066 783 3145 γυναῖκας
800 3071 818 3138 ἡ
835 3087 886 3124 κα·

110 3161 226 3236 λουμένη
241 3158 349 3238 λοιμική
374 3157 419 3217 καί
443 3157 555 3222 θᾶνατος
572 3155 631 3223 όσος
653 3153 727 3214 ούπω
744 3154 886 3234 πρότερον,

111 3251 226 3328 μάλιστα
250 3252 272 3309 δ’
301 3253 336 3314 είς
360 3246 408 3314 τδς
432 3246 591 3325 ἐγκύμονας.
636 3236 835 3324 Ὠμοτοκοῦσαί
857 3268 887 3304 τε

110 3337 160 3420 γδρ
184 3338 229 3398 καὶ
247 3337 326 3416 νεκρδι
351 3335 491 3394 τίκτουσαι
512 3332 726 3405 συναπέθνησκον
751 3341 804 3400 τοῖς
825 3328 887 3414 βρέ-

110 3451 186 3508 φεσι·
200 3427 247 3486 καί
263 3425 322 3486 οὔτε
336 3426 466 3484 λιτανεῖαι
489 3423 554 3505 πρδς
572 3422 642 3483 tiras
657 3422 703 3482 καί
723 3426 821 3502 βωμοῖς
842 3445 885 3502 γε·

56 3526 83 3564 35
111 3518 317 3591 reciperatoriis,
339 3511 398 3572 ούτε
420 3511 592 3593 καθαρτήριοι
607 3510 695 3570 θυσίαι
711 3509 773 3587 περί
790 3532 818 3568 τε
838 3510 887 3569 πό-

110 3608 176 3671 λεως
195 3605 239 3662 καί
259 3604 337 3662 οίκων
358 3602 431 3663 ἰδίων
449 3600 650 3676 ἐπιτελούμεναι
668 3599 775 3656 παῦλαν
799 3600 886 3666 αύταῖς

110 3691 201 3771 ἔφερον
222 3693 275 3748 τῶν
297 3695 399 3752 κακῶν.
443 3691 490 3750 Ἐν
513 3689 623 3768 τοιαύτη
639 3685 671 3760 δή
693 3696 817 3769 συμφορᾷ
841 3693 887 3760 τῆς

110 3781 210 3846 πόλεως
232 3779 329 3851 σύσης,
354 3788 407 3847 τοῖς
436 3777 574 3856 ἐξηγηταῖς
603 3781 654 3838 τῶν
683 3781 761 3857 ίερῶν
785 3778 886 3857 γίνεται

110 3872 222 3950 μήνυσις
246 3870 295 3928 bui
319 3869 412 3929 δούλου
437 3869 523 3944 τινὀς,
541 3872 580 3929 δτι
601 3868 650 3944 μία
671 3870 723 3927 τῶν
747 3870 885 3948 ίεροποιῶν

54 3987 82 4027 ιο
109 3961 244 4038 παρθένων
257 3964 309 4019 τῶν
324 3961 511 4036 φυλαττουσῶν
525 3958 556 4017 τδ
572 3957 700 4018 ἀθένατον
721 3962 774 4038 πῦρ
790 3957 884 4039 '0962-

108 4051 151 4109 νία
165 4050 213 4120 τήν
229 4047 372 4130 παρθενίαν
388 4045 556 4120 ἀπολώλεκε,
577 4046 623 4105 καί
644 4046 678 4104 τδι
701 4044 759 4127 ἱερδ
781 4046 836 4107 θύει
850 4047 883 4106 τδι

107 4144 154 4211 τῆς
167 4141 268 4207 πόλεως
291 4138 339 4197 οῦκ
358 4127 423 4197 airu
443 4136 558 4215 καθαραί.
604 4138 727 4196 Κάκεῖνοε
748 4136 882 4214 μεταστή-

108 4251 199 4293 σαντες
214 4225 295 4299 αύτήν
311 4225 363 4284 εἰπδ
382 4227 433 4282 τῶν
453 4226 546 4305 ίερῶν,
562 4223 608 4284 καί
631 4224 768 4302 προθέντες
788 4225 881 4298 δίκην,

106 4317 197 4388 ἐπειδὴ
208 4313 362 4399 καταφανής
373 4313 474 4393 ἐγένετο
489 4315 654 4394 ἐλεγχθεῖσα,
671 4311 776 4394 ρόύδοις
785 4312 809 4371 τ’
819 4317 883 4389 ἐμα·

53 4434 78 4474 ιε
107 4408 239 4486 στίγωσαν
261 4405 308 4465 καί
330 4402 532 4482 πομπεύσαντες
546 4400 590 4461 διδ
613 4405 661 4472 τῆς
675 4399 777 4468 πόλεως
797 4404 884 4471 ζῶσαν

106 4495 269 4574 κατώρυξαν.
321 4497 385 4556 Τῶν
407 4492 434 4552 δέ
457 4488 678 4571 διαπραξαμένων
704 4488 752 4560 τλν
775 4488 882 4549 ἀνοσίαν

106 4583 203 4664 φθορδιν
217 4590 231 4644 ό
246 4584 293 4662 μὲν
314 4582 402 4663 ἕτερος
416 4581 508 4642 ίαυτδν
531 4579 709 4661 διεχρήσατο,
724 4577 768 4638 τδν
786 4576 810 4636 δ’
825 4577 883 4638 ἕτε-

107 4694 150 4750 ρον
166 4675 190 4728 οἱ
208 4676 259 4730 τῶν
283 4675 359 4752 ἱερῶν
377 4670 520 4732 ἐπίσκοποι
542 4669 718 4736 συλλαύόντις
744 4670 770 4728 ἐν
797 4673 882 4750 ἀγορᾷ

106 4758 226 4836 μοίστιξιν
245 4760 408 4836 αἰκισάμενοι
424 4761 546 4841 καθάπερ
569 4758 733 4840 ἀνδράποδον
757 4756 882 4817 ἀπέκτει-

50 4876 77 4913 ευ
104 4872 162 4907 ναν.
215 4846 248 4904 ‘ll
275 4850 323 4924 μίν
346 4841 392 4909 σ’ύν
413 4850 487 4917 νόσος
510 4854 528 4921 ἡ
555 4851 590 4916 είς
616 4847 663 4917 τδις
680 4856 807 4925 γυναῖκας
837 4846 882 4906 καῖ

103 4934 211 5002 θπολὺς
236 4937 321 4993 αὐτῶν
345 4936 439 5018 φθόρος
459 4937 527 5014 μετδ
552 4941 631 4995 τοῦτο
652 4935 683 4994 τδ
704 4933 780 5014 ἐργον
808 4935 882 5002 εὐθὺς

104 5026 248 5085 ἐπαύσατο.

142 5115 224 5176 xbt.
248 5111 283 5175 ‘H
305 5114 328 5172 δ’
343 5114 373 5171 ἐκ
388 5112 487 5170 πολλοῦ
500 5110 595 5192 χρόνον
610 5110 771 5188 διαμένουσα
793 5112 820 5169 ἐν
845 5115 880 5191 τῇ

101 5200 178 5262 πόλει
198 5202 307 5272 στάσις,
325 5201 358 5273 ἢν
373 5201 397 5259 οἱ
419 5197 535 5277 δημόται
556 5200 619 5279 πρὸς
638 5198 698 5266 τοὺς
722 5199 879 5277 πατρικίους

1665 391 1724 454 555

945 516 995 564 tern
1010 513 1085 577 lacto,
1109 518 1134 566 in
1156 518 1255 569 diuersa
1272 521 1356 572 studia
1370 528 1424 575 tota
1436 525 1527 577 civitas
1539 532 1578 578 est
1596 528 1676 580 divisa
1698 538 1724 582 et

944 608 1046 667 tribuni,
1066 611 1109 674 qui
1130 611 1253 663 hactenus
1264 615 1419 678 quieveram,
1436 621 1497 669 tunc
1518 619 1687 676 efferabantur
1700 633 1725 679 et

944 701 970 752 in
989 704 1102 755 consules
1119 704 1310 768 invehebantur,
1337 713 1363 760 et
1385 710 1476 763 seditio
1496 714 1557 778 legis
1572 718 1676 779 agrariae
1699 720 1725 772 in

943 795 1045 845 ιιεαέιιιιε
1053 834 1063 860 ,
1077 796 1109 847 ob
1125 800 1307 850 contentionem
1320 799 1352 852 de
1373 801 1518 867 reipublicae
1545 811 1612 858 statu
1634 813 1722 870 ortam,

944 891 1034 955 erupit.
1062 893 1125 941 lt'arn
1139 893 1246 957 patricii,
1257 894 1355 960 indigne
1371 897 1479 950 ferentes
1497 903 1627 954 consulum
1640 910 1724 969 poles-

945 984 1022 1033 tatem
1042 984 1106 1045 tottt,
1121 997 1194 1044 cum,
1217 984 1262 1050 qui
1280 986 1410 1038 lictoribus
1429 1004 1518 1043 manus
1532 994 1632 1058 injicere
1648 1011 1725 1049 ausus

945 1077 1007 1134 erat,
1019 1075 1050 1126 de
1066 1090 1127 1126 saxo
1144 1077 1250 1141 dejicere
1263 1078 1387 1130 volabant.
1409 1084 1500 1135 Contra
1512 1088 1597 1153 plebeii
1607 1092 1722 1143 caterva·

946 1168 992 1218 tiru
1005 1169 1216 1221 nocilerabautur
1228 1177 1254 1221 ct
1274 1187 1301 1223 se
1316 1175 1423 1227 invicem
1436 1181 1638 1245 cohortabantur,
1653 1200 1685 1237 ue
1696 1186 1724 1237 li·

944 1262 1067 1314 bertatern
1088 1279 1160 1315 suant
1169 1265 1317 1330 proderent;
1333 1270 1377 1321 sed
1389 1286 1441 1322 rern
1454 1274 1486 1323 ad
1500 1281 1612 1329 senatum
1631 1279 1724 1338 referre

918 1380 920 1391 =
945 1361 971 1408 et
979 1359 1091 1409 consules
1101 1374 1218 1412 accusare
1230 1365 1255 1412 et
1266 1363 1504 1420 animadversionem
1518 1372 1628 1437 aliquam
1644 1375 1670 1425 iu
1681 1390 1724 1427 eos

945 1465 1046 1517 poscere
1059 1452 1185 1513 nolebant,
1196 1455 1263 1520 quod
1271 1470 1339 1515 euru,
1350 1460 1395 1522 qui
1411 1474 1484 1525 opem
1506 1464 1662 1517 tribunorum
1674 1469 1723 1519 im·

945 1544 1054 1610 plorarat
1070 1549 1094 1596 et
1108 1547 1192 1611 populi
1207 1548 1367 1612 judicium‚si
1384 1567 1461 1617 quarn
1481 1554 1597 1619 injuriam
1607 1559 1721 1622 lecisset,

946 1639 1031 1690 subire
1042 1639 1149 1699 volebat,
1166 1646 1255 1692 neutro
1266 1643 1323 1707 jure
1335 1647 1409 1710 potiri
1421 1650 1487 1712 passi
1497 1657 1593 1713 essesut,
1613 1656 1656 1705 sed
1678 1657 1722 1707 ho-

945 1729 1037 1779 minem
1059 1730 1193 1794 ingenuum
1214 1737 1239 1781 et
1260 1734 1340 1785 civern
1361 1741 1499 1791 Romanurn
1520 1748 1549 1792 ut
1573 1747 1723 1813 mancipium

947 1826 1094 1873 tractassent
1114 1823 1226 1890 credique
1235 1828 1373 1892 jussissent.
1408 1832 1453 1881 llis
1466 1833 1541 1897 igitur
1554 1837 1601 1887 sibi
1617 1838 1724 1891 iuvicern

947 1915 1120 1966 resistentibus
1130 1921 1154 1967 et
1172 1920 1268 1970 neutris
1277 1920 1362 1973 alteris
1375 1924 1461 1975 cedere
1475 1926 1625 1989 volentibus,
1641 1935 1722 1984 toturn

945 2010 1169 2063 illiusconsulatus
1188 2013 1313 2079 reliquum
1328 2020 1427 2081 tempus
1441 2026 1600 2073 consumtum
1613 2028 1659 2084 est,
1678 2041 1724 2078 nec

947 2103 1006 2154 ullis
1016 2104 1091 2155 rebus
1104 2105 1129 2154 in
1148 2105 1213 2156 bello
1226 2109 1344 2171 prreclarc
1362 2111 1447 2175 gestis,
1463 2127 1509 2163 uec
1523 2114 1581 2167 ullis
1594 2117 1657 2168 actis
1666 2118 1724 2169 ciri·

947 2191 1013 2248 ttbus
1020 2202 1157 2249 memoratu
1170 2200 1250 2264 dignis
1261 2208 1384 2255 ornatum.

976 2363 1024 2412 itt.
1039 2366 1122 2422 Qnum
1135 2367 1219 2414 autern
1230 2366 1388 2418 comitiorum
1402 2373 1502 2434 tempus
1518 2375 1633 2433 venusii,
1642 2379 1669 2426 L.
1681 2380 1723 2429 Pi·

945 2459 1064 2510 narinset
1074 2462 1104 2509 P.
1127 2462 1216 2511 Furius
1239 2465 1352 2514 consules
1375 2467 1452 2516 creati
1472 2473 1539 2519 sunt.
1573 2473 1654 2536 liujus
1667 2476 1723 2525 anni

945 2556 1074 2622 principio,
1087 2559 1147 2610 urbs
1161 2561 1278 2624 religione
1290 2563 1398 2626 quadarn
1410 2569 1434 2614 et
1444 2565 1523 2616 diuini
1535 2571 1643 2621 numinis
1654 2578 1722 2623 metu

945 2654 1039 2718 repleta
1061 2660 1107 2714 est,
1132 2658 1199 2721 quod
1222 2659 1332 2722 prodigia
1350 2661 1469 2726 signaque
1488 2664 1568 2715 ruulta
1593 2669 1723 2732 apparuis-

944 2758 1007 2816 sent,
1020 2757 1044 2804 et
1054 2769 1140 2805 ornnes
1156 2760 1225 2806 vates
1236 2759 1261 2806 et
1272 2758 1399 2820 porrttttces
1411 2773 1440 2809 ea
1450 2761 1561 2826 prodigia
1573 2764 1665 2817 divium
1677 2767 1721 2820 irae

944 2853 1035 2904 indicia
1049 2867 1103 2903 esse
1119 2853 1246 2916 dicerent,
1268 2855 1337 2919 quod
1364 2857 1449 2922 aliqua
1464 2873 1534 2909 sacra
1554 2876 1598 2912 nec
1617 2864 1657 2927 pie
1679 2880 1723 2918 nec

943 2965 1005 3017 pure
1023 2952 1118 3003 tierent.
1153 2955 1204 3003 Nec
1225 2953 1305 3005 multo
1327 2959 1383 3019 post
1406 2957 1517 3016 morbus,
1539 2960 1582 3023 qui
1607 2963 1723 3024 pestilens

944 3053 1055 3109 vocatur,
1070 3053 1146 3115 atque
1164 3066 1240 3113 rnors,
1260 3058 1354 3117 quanta
1373 3061 1723 3120 nunquarnantea,1nulicres

943 3150 1067 3215 praecipue
1093 3164 1152 3200 vero
1170 3151 1286 3215 gravidas
1310 3154 1400 3204 inuasit
1423 3175 1429 3205 ε
1452 3170 1510 3206 narn
1535 3158 1681 3212 immaturos
1697 3168 1721 3215 et

942 3251 1056 3298 mortuos
1065 3250 1141 3300 ioetus
1159 3250 1283 3314 parientes
1299 3264 1349 3300 una
1369 3264 1426 3301 cunr
1444 3252 1505 3316 ipsis
1522 3253 1658 3307 infantibus
1670 3270 1724 3307 mo·

943 3346 1084 3408 riebautur·‚
1099 3362 1129 3398 ac
1150 3362 1232 3413 neque
1247 3346 1439 3412 supplicationes
1458 3349 1484 3400 in
1501 3351 1601 3415 templis
1614 3355 1639 3402 et
1657 3353 1721 3405 circa

943 3456 999 3493 aras
1020 3443 1123 3493 deorum
1141 3444 1220 3498 iactae.
1250 3458 1332 3509 neque
1353 3445 1514 3496 lustrationes
1528 3461 1573 3511 pro
1592 3449 1721 3514 republica

942 3541 1096 3606 privatisque
1108 3539 1208 3591 familiis
1223 3542 1301 3598 tactu,
1319 3542 1391 3593 nralis
1403 3557 1445 3593 eas
1457 3543 1605 3596 liberabant.
1638 3550 1721 3606 Quurn

942 3644 1026 3693 autem
1039 3640 1178 3705 respublica
1198 3641 1225 3690 iu
1247 3645 1316 3692 statu
1336 3645 1388 3691 tarn
1411 3643 1556 3695 calamitoso
1569 3650 1719 3704 versaretur,

942 3753 1031 3792 servus
1044 3740 1147 3804 quidarn
1165 3739 1325 3804 pontificibus
1339 3741 1440 3800 iudicat,
1463 3757 1538 3793 unarn
1552 3743 1720 3807 sacerdotem,

941 3839 973 3891 dc
989 3853 1092 3889 numero
1103 3838 1226 3903 virginum
1241 3839 1393 3901 Vestalium,
1408 3845 1557 3905 perpetuum
1569 3843 1650 3907 iguem
1668 3858 1721 3895 ser·

942 3938 1064 4002 vantium,
1080 3938 1179 3989 nomine
1203 3937 1345 3998 urbinum,
1362 3938 1475 3990 amisisse
1498 3941 1684 4005 virginitatem,
1695 3947 1721 3993 et

941 4039 1064 4105 pollutam
1087 4053 1158 4091 sacra
1177 4052 1222 4103 pro
1237 4037 1330 4103 populo
1350 4038 1440 4089 iacere.
1469 4037 1508 4088 llli
1531 4052 1587 4089 eam
1609 4052 1624 4088 a
1644 4041 1721 4091 sacris

941 4139 1050 4187 arnolarn
1060 4139 1086 4187 et
1102 4137 1127 4185 in
1139 4134 1261 4200 judicium
1276 4133 1411 4184 adductam
1423 4137 1450 4185 et
1467 4134 1593 4185 manifesti
1610 4136 1721 4188 criminis

940 4237 1079 4286 convictam
1089 4235 1166 4298 virgis
1181 4233 1356 4294 verberaruut;
1369 4231 1562 4298 traductumque
1578 4247 1622 4298 per
1631 4234 1719 4286 urbem

941 4333 1024 4383 rivam
1036 4332 1192 4383 defoderunt.
1210 4331 1312 4383 llloruru
1325 4346 1392 4390 vero,
1407 4332 1451 4396 qui
1465 4331 1588 4383 nefarium
1604 4338 1719 4398 stuprum

940 4434 1132 4495 commiserant,
1149 4435 1212 4485 alter
1239 4433 1285 4486 sibi
1314 4434 1361 4498 ipsi
1386 4416 1475 4484 manus
1496 4434 1594 4493 attulit;
1612 4435 1719 4484 alterurn

940 4536 1067 4602 pontitices
1084 4536 1288 4599 comprehensum
1314 4535 1340 4584 iu
1353 4533 1405 4584 loro
1426 4536 1505 4597 virgis
1516 4550 1623 4596 cresum,
1639 4535 1718 4585 instar

940 4640 1070 4705 mancipii,
1093 4638 1280 4690 iuterfecerunt.
1314 4640 1415 4690 blorbus
1439 4639 1515 4702 igitur
1534 4639 1578 4703 qui
1601 4637 1717 4686 mulieres

939 4742 1072 4804 invaserat,
1085 4748 1110 4794 et
1122 4743 1208 4807 ingens
1222 4756 1309 4794 earum
1326 4747 1431 4806 strages,
1450 4741 1499 4791 boc
1512 4742 1612 4804 peracto
1622 4733 1717 4785 coufes-

939 4841 984 4892 tim
999 4841 1113 4893 masovit.

970 5118 1029 5166 ΧΗ.
1048 5117 1079 5164 nt
1087 5113 1176 5165 seditio
1191 5112 1218 5162 iu
1227 5110 1290 5161 urbe
1302 5111 1353 5173 jann
1370 5107 1583 5166 ravennamque
1597 5101 1687 5167 plebeii
1701 5120 1715 5154 a

937 5206 1048 5271 patriciis
1057 5202 1225 5264 dissidebant,
1245 5213 1333 5250 rursus
1345 5197 1463 5248 renovata
1476 5197 1524 5245 est.
1557 5195 1618 5242 Earn
1631 5195 1715 5242 autern
