3772 5828
179 328 238 388 ast

181 487 193 511 ι
212 458 259 536 μέν
275 461 321 529 τῆς
334 454 483 536 Ταρκυνίου
497 453 646 523 πλεονεξίας
658 452 770 520 πολλοῦς
793 455 958 530 ἀναιρεῖσθαι

182 576 194 600 ιι
211 545 358 619 πολέμους,
375 544 437 621 περὶ
460 543 487 602 δὲ
509 547 555 613 τῆς
570 543 668 600 ίαυτῶν
686 540 831 620 ἐλευθερίας
851 538 959 615 μηδένα.

221 634 380 696 Lxxlttll.
406 653 420 688 α
445 631 523 690 Τίσιν
546 621 590 689 οῦν
610 631 741 710 ἀφορμαῖς
762 630 798 695 είς
818 629 851 688 sd
874 628 958 708 πράγ·

184 751 196 776 ι
214 746 286 799 ματα
312 720 485 802 χρησόμεθα,
506 717 552 778 καὶ
574 717 662 784 ποίαις
686 716 865 796 συμμαχίαις,
886 721 961 775 τοῦτο

141 838 154 874 ι
184 811 261 893 ιγάρ
276 812 366 871 λοιπὸν
390 812 482 869 εἰπεῖν.
526 804 651 886 Πρώταις
672 806 720 884 μὲν
735 815 793 872 ταῖς
812 805 884 885 παρὰ
908 808 960 864 τῶν

184 925 196 951 ι
209 905 274 959 θεῶν
286 899 400 969 ἐλπίσιν,
416 886 452 954 ῶν
464 893 523 975 ispi
537 897 582 954 καὶ
598 894 694 971 τεμένη
709 896 755 953 καὶ
767 893 869 973 βωμούς
882 891 960 970 μιαί-

184 1015 197 1041 ι
213 1012 252 1048 νει
274 988 419 1068 Ταρκύνιος
438 986 495 1053 ταῖς
516 984 684 1065 αἱμοφύρτοις
701 985 778 1064 χερσὶ
799 982 845 1041 καί
866 982 963 1050 παντὸς

185 1103 197 1130 ιι
214 1078 340 1159 ἐμφυλίου
355 1072 496 1152 γεμούσαις
510 1073 597 1151 ἀγους,
609 1077 705 1133 θυσιῶν
726 1074 772 1132 καὶ
783 1073 901 1131 σπονδῶν
917 1094 962 1130 κα·

185 1193 198 1221 ι
213 1165 389 1249 ταρχόμενος·
404 1163 495 1222 ἔπειτα
512 1165 569 1228 ταῖς
591 1160 617 1231 ἐξ
635 1166 712 1240 ἡμῶν
730 1163 816 1220 αὐτῶν
835 1159 889 1220 οὔτ’
908 1159 962 1219 θλί-

133 1284 159 1324 to
185 1283 198 1311 ι
213 1279 267 1334 γων
286 1254 367 1312 ὄντων
383 1251 437 1313 οὔτ’
451 1248 566 1331 ἀπείρων
582 1251 714 1326 πολέμου·
736 1249 800 1330 πρδς
814 1248 842 1309 δέ
863 1249 963 1316 τούτοις

184 1371 198 1400 ιι
211 1352 269 1408 ταῖς
283 1342 357 1424 παρά
380 1345 432 1401 τῶν
447 1340 597 1419 συμμάχων
620 1337 791 1419 ἐπικουρίαις,
813 1336 838 1397 οἲ
857 1335 895 1416 μὴ
914 1361 962 1396 κα·

185 1461 198 1488 ι
213 1432 328 1492 λούντων
344 1430 391 1508 μὶν
414 1431 491 1504 ἡμῶν
510 1427 585 1488 οὐδὲν
606 1426 745 1495 ἀξιώσουσι
770 1429 962 1506 πολυπραγμο·

185 1552 196 1574 ι
213 1530 275 1592 νεῖν,
289 1520 335 1580 tta
348 1523 371 1579 δ’
387 1521 480 1599 ἀρετῆς
500 1519 581 1596 δρῶσι
597 1515 834 1595 μεταποιουμένους
854 1515 963 1593 ἄσμενοι

185 1638 198 1665 ιι
215 1615 390 1686 συναροῦνται
400 1615 445 1668 τοῦ
454 1607 580 1684 πολέμου.
591 1605 720 1685 Τυραννὶς
729 1605 868 1684 γάρπάσιν
881 1604 962 1683 ἐχθρά

130 1726 156 1767 15
186 1728 198 1752 ι
212 1710 265 1766 τοῖς
291 1698 457 1778 βουλομένοις
477 1694 617 1775 ἐλευθέροις
644 1684 721 1754 εἶναι.
788 1695 822 1753 Εἰ
841 1692 869 1751 δέ
897 1716 963 1761 τινες

137 1828 140 1853 ,
186 1815 197 1841 ι
215 1791 288 1864 ὑμῶν
314 1786 374 1853 τοὺς
398 1785 443 1843 ἐπὶ
463 1784 638 1863 στρατοπέδου
661 1781 785 1848 συνόντας
807 1778 865 1858 ἅμα
886 1784 963 1858 Ταρ-

185 1875 292 1956 ιικυνίιμ
307 1873 417 1941 πολίτας
440 1873 598 1944 δεδοίκασιν,
615 1876 650 1940 ὡς
670 1873 760 1953 ἐκείνῳ
781 1871 829 1947 μέν
845 1894 962 1948 συναγαν-

184 1991 196 2015 ι
214 1963 380 2040 νιουμένους,
397 1965 458 2036 ὑμῖν
478 1960 505 2017 δέ
531 1960 752 2035 πολεμήσοντας·
765 1962 812 2019 ούκ
827 1962 908 2040 ὀρθῶς
920 1961 963 2017 δε-

183 2050 326 2111 ιδοίκασι.
378 2051 478 2128 Rapsioi
501 2044 553 2125 γάρ
580 2045 708 2112 κάκείνοις
729 2052 746 2118 ἡ
771 2047 901 2125 τυραννὶς,
917 2046 963 2103 καὶ

129 2155 157 2196 ευ
182 2167 196 2193 ιι
212 2139 324 2221 ἔμφυτος
345 2137 443 2197 άπασιν
472 2134 615 2212 ἀνθρώποις
645 2138 725 2206 ὁτῆς
745 2134 891 2212 ἐλευθερίας
910 2135 961 2191 πό-

183 2254 195 2282 ιι
213 2233 272 2298 θος,
287 2225 333 2285 καὶ
351 2234 426 2283 πᾶσα
441 2223 589 2300 μεταύολῆς
613 2223 742 2302 πρόφασις
757 2230 810 2288 τοῖς
829 2221 864 2280 δι’
878 2221 961 2299 ἀνάγ-

183 2337 260 2388 ιικην
285 2316 496 2392 ταλαιπωροῦσιν
528 2311 620 2382 ἱκανή·
640 2308 696 2381 οῦς,
726 2311 749 2368 εἰ
769 2310 907 2390 ψηφιεῖσθε
928 2315 962 2389 τῇ

182 2429 195 2453 ι
212 2403 319 2482 πατρίδι
345 2403 466 2480 βοηθεῖν,
483 2402 512 2458 ού
526 2397 604 2481 φύῦος
620 2401 634 2456 θ
653 2397 768 2465 καθέξων
795 2395 870 2455 ἔσται
888 2398 961 2476 παρὰ

184 2517 196 2544 ι
210 2493 264 2557 τοῖς
281 2491 424 2571 τυράννοις,
440 2491 470 2547 ού
486 2488 572 2568 χάρις,
586 2488 636 2566 ούχ
651 2484 737 2565 ἕτερόν
754 2508 779 2544 τι
793 2489 846 2544 τῶν
873 2489 962 2571 βιαζο·

129 2606 157 2645 ss
184 2581 299 2657 «μένων
333 2577 351 2648 ἢ
377 2577 518 2636 πειθόντων
547 2575 696 2654 ἀνθρώπους
735 2574 769 2634 τά
801 2574 838 2648 μί,
874 2573 962 2632 δίκαια

184 2692 197 2721 ι
215 2669 352 2749 πράττειν.
395 2668 428 2726 Εἰ
449 2666 478 2723 δέ
494 2688 559 2724 τισιν
581 2667 667 2723 αὐτῶν
683 2664 734 2744 ἀρα
750 2662 793 2723 διδι
814 2665 898 2734 κακὴν
913 2663 962 2744 φύ-

184 2784 196 2808 ·
213 2779 254 2815 σιν
272 2755 290 2826 ’λ
306 2753 424 2830 πονηρὰς
439 2752 534 2834 τροφός
556 2752 585 2812 τδ
608 2751 793 2833 φιλοτύραννον
814 2751 961 2831 ἐμπέφυκεν

184 2871 196 2898 ι
210 2847 240 2903 οὐ
249 2847 354 2910 πολλοῖς
367 2834 425 2902 ούσι
438 2841 477 2918 μθ
488 2841 550 2914 Δία,
566 2841 692 2920 μεγάλαις
706 2841 751 2899 καὶ
762 2840 867 2909 τούτους
880 2840 962 2918 ἀνάγ-

184 2959 196 2984 ι
212 2954 272 2999 καις
284 2931 443 3007 ἐνζεύξομεν,
466 2928 530 2989 ὥστ’
558 2931 587 2987 ἐκ
602 2933 722 3008 πονηρῶν
742 2929 861 3006 γενέσθαι
879 2953 963 3008 χρησ-

131 3038 159 3076 ao
185 3019 280 3085 ιιτούς.
296 3018 410 3097 Ὅμηρα
421 3018 473 3096 γάρ
488 3019 573 3076 αὐτῶν
589 3015 685 3096 ἔχομεν
700 3019 726 3073 ἐν
742 3022 775 3096 τῇ
794 3016 868 3074 πόλει
883 3017 962 3075 τέκνα

185 3133 197 3157 ι
215 3106 260 3165 καὶ
279 3107 404 3185 γυναῖκας
430 3110 475 3164 καὶ
489 3112 588 3181 γονεῖς,
617 3102 634 3160 ἃ
660 3101 804 3182 τιμιώτερα
829 3107 877 3174 τῆς
896 3104 963 3173 ἰδίας

189 3194 287 3254 «ἐστὶν
304 3194 408 3272 ἑκάστῳ
431 3195 528 3274 ψυχῆς.
572 3190 667 3252 Ταῦτά
683 3195 705 3247 τ’
722 3182 766 3250 οῦν
784 3193 872 3257 αὐτοῖς
896 3195 961 3252 ἀπο-

184 3310 196 3335 ι
212 3283 313 3356 δώσειν,
326 3284 369 3341 ἐὰν
382 3285 519 3339 ἀποστῶσι
533 3284 585 3338 τῶν
597 3281 738 3358 τυράννων,
750 3278 962 3359 ὑπισχνούμενοι,

184 3401 196 3425 ι
211 3374 256 3431 καὶ
279 3373 367 3432 ἄδειαν
390 3361 425 3428 ῶν
448 3369 567 3447 ἥμαρτον
589 3368 760 3449 ψηφιζόμενοι
785 3369 880 3449 ῥαδίως
905 3369 963 3427 πεί-

130 3484 156 3524 as
183 3485 304 3538 ιαομευ.
349 3459 436 3518 Ὥστε
454 3462 618 3539 θαρροῦντες,
644 3447 666 3516 ῶ
690 3457 814 3534 δημόται,
831 3457 878 3517 καί
892 3463 962 3538 ἀγα-

184 3551 257 3617 ιθάς
275 3551 377 3631 ἔχοντες
399 3549 465 3628 ὑπὲρ
488 3552 541 3608 τῶν
557 3548 705 3626 μελλόντων
727 3549 835 3616 ἐλπίδας
850 3559 962 3631 χωρεῖτε

184 3641 275 3719 ιπρὸς
303 3639 346 3697 τδν
368 3641 472 3715 ἀγῶνα,
491 3639 631 3696 κάλλιστον
663 3628 700 3696 ών
727 3637 833 3697 πώποτε
861 3638 960 3720 ἤρασθε

183 3727 334 3807 ιπολέμων
349 3726 422 3785 τόνδε
447 3725 663 3802 ὑποστησόμενοι.
716 3723 810 3803 Ἡμεῖς
831 3725 878 3802 μὲν
899 3720 960 3806 σῦν,

185 3805 233 3873 ιώ
258 3818 310 3875 θεοὶ
337 3815 467 3893 πατρῷοι,
496 3814 608 3894 φύλακες
631 3814 723 3893 ἀγαθοὶ
746 3816 821 3887 τῆςδε
850 3819 896 3888 τῆς
915 3822 963 3896 γῆς

130 3929 157 3967 ιο
185 3904 257 3962 ικαὶ
281 3903 413 3978 δαίμονες,
434 3901 459 3959 οἳ
483 3900 543 3969 τούς
563 3901 678 3981 πατέρας
706 3906 781 3978 ἡμῶν
802 3904 959 3983 λελόγχατε,

185 4017 196 4039 ι
214 3993 260 4049 καὶ
273 3991 347 4059 πόλις
361 3991 548 4072 θεοφιλεστάτη
563 3989 687 4068 πολεων,
708 3997 734 4052 ἐν
753 3984 771 4063 ἦ
790 3994 915 4068 γενέσεώς
934 4018 963 4053 τε

185 4105 197 4128 ι
216 4077 260 4182 ιφαὶ
280 4085 376 4158 τροφῆς
392 4079 539 4160 ἐτύχομεν,
557 4082 707 4157 ἀμυνοῦμεν
732 4084 795 4158 ύμῖν
820 4082 865 4141 καί
890 4081 961 4158 γνώ-

185 4193 198 4220 ιι
215 4190 276 4244 μαις
296 4170 341 4225 καὶ
360 4169 445 4245 λόγοις
460 4170 506 4229 καί
532 4170 608 4252 χερσί
626 4171 672 4229 καί
690 4173 803 4252 ψυχαῖς,
827 4171 873 4230 καί
890 4172 962 4230 πάσ·

185 4277 268 4335 ιχειν
282 4254 382 4330 ἕτοιμοι
397 4264 450 4313 πᾶν
474 4257 528 4316 ότι
549 4257 580 4316 ἀν
603 4262 617 4316 ὃ
640 4257 740 4334 δαίμων
762 4258 807 4317 καὶ
827 4257 857 4316 τὸ
877 4256 962 4337 χρεὼν

131 4375 157 4413 45
186 4345 289 4424 ιφέρῃ.
341 4345 514 4421 Μαντεύομαι
536 4345 563 4404 δέ
587 4349 677 4413 καλοῖς
701 4347 890 4427 ἐγχειρήμασιν
922 4349 964 4405 εύ-

185 4461 198 4485 ιι
214 4435 291 4513 τυχές
321 4432 504 4502 ἀκολουθήσειν
530 4434 613 4502 τέλος.
640 4436 691 4509 lita
712 4435 740 4494 δέ
758 4436 859 4504 τούτοις
879 4437 963 4496 ἅπασι

185 4551 196 4575 ιι
213 4524 294 4582 ταύτὸ
313 4521 425 4580 λαύοῦσι
447 4522 541 4600 θύρσος
562 4524 607 4584 καί
630 4535 678 4607 μιᾷ
706 4525 799 4604 γνώμη
820 4526 963 4606 χρησαμέ-

185 4640 198 4663 ι
212 4635 272 4683 νοις,
290 4610 380 4680 σώζειν
396 4634 425 4668 τε
444 4614 527 4686 ἡμᾶς,
550 4614 596 4671 καὶ
618 4615 745 4682 σώζεσθαι
760 4615 802 4694 ὑφ’
816 4616 901 4690 ἡμῶν.
919 4640 931 4664 ιι

225 4702 383 4761 ΙιλῖίΧΙθί.
408 4702 527 4759 Τοιαῦτα
548 4706 593 4760 τοῦ
610 4703 724 4780 Βρούτου
745 4703 963 4783 δημηγοροῦντος,

132 4812 159 4849 so
185 4789 340 4860 ἀναύοήσεις
354 4811 382 4848 τε
395 4797 513 4867 συνεχεῖς
529 4791 568 4866 ἐφ’
585 4791 688 4869 ἑκάστῳ
705 4793 757 4849 τῶν
775 4791 923 4869 λεγομένων
934 4793 963 4848 ἐκ

184 4880 229 4931 τοῦ
243 4877 358 4948 πλήθους
378 4878 493 4956 ἐγίνοντο
516 4878 738 4954 διασημαίνουσαι
755 4878 785 4937 τδ
807 4878 964 4958 βουλόμενόν

184 4983 213 5017 τε
228 4964 272 5018 καί
299 4967 536 5045 ἐπικελευόμενον,
549 4975 601 5033 τοῖς
622 4968 649 5024 δὲ
673 4967 790 5027 πλείοσιν
814 4970 899 5025 αὐτῶν
919 4966 964 5025 καί

185 5046 284 5124 δάκρυα
302 5055 342 5129 ὑφ’
358 5056 452 5127 ἡδονῆς
466 5053 534 5135 ἔρρει
557 5058 717 5130 θαυμαστῶν
736 5056 782 5113 καὶ
798 5054 962 5133 ἀπροσδοκῆ·

183 5158 234 5196 των
252 5134 374 5194 ἀκούουσι
395 5141 493 5217 λόγοιν·
516 5140 632 5213 πάθητε
651 5141 759 5202 ποικίλα
780 5141 828 5214 την
850 5141 962 5202 ἑκάστου

704 318 875 381 btoulsn
897 315 1278 379 Hsstcsuuasstzusts

1016 478 1029 502 ιι
1045 458 1150 522 perpeti,
1161 462 1186 509 et
1194 472 1240 523 pro
1251 459 1485 524 Tarquiniiararltia
1495 461 1575 513 multa
1583 463 1710 528 suscipere
1722 466 1795 523 betta,

1017 567 1030 591 ι
1044 560 1088 610 pro
1102 548 1186 596 nostra
1197 560 1256 597 πετο
1275 548 1385 612 ipsorum
1401 546 1514 600 libertate
1528 549 1631 602 nullum.

1047 635 1177 683 lllltltlll.
1197 652 1209 677 ι
1221 637 1261 695 at,
1273 634 1364 697 qubus
1373 634 1537 697 adminiculis,
1550 639 1577 686 et
1586 635 1678 701 qubus
1689 639 1764 688 sociis
1772 641 1797 690 in

1017 747 1029 770 ιι
1045 726 1092 776 hae
1103 739 1129 777 re
1145 727 1306 791 aggredienda
1319 732 1437 780 utemur?
1467 730 1554 781 Restat
1570 731 1636 780 enim
1655 736 1683 782 ut
1693 731 1742 783 lroe
1754 733 1797 784 di·

1017 834 1141 870 scamus.
1175 821 1287 871 Primum
1304 822 1405 886 quidem
1426 823 1482 874 treti
1501 823 1594 875 anxilio
1604 825 1716 888 deorum,
1730 841 1796 891 quo-

1016 934 1030 959 ιι
1044 927 1100 964 rum
1128 927 1198 964 saera
1221 919 1247 965 et
1281 916 1374 981 templa
1396 921 1422 968 et
1445 930 1501 968 aras
1531 919 1681 985 Tarquinius
1710 921 1798 987 polluit

1019 1027 1031 1050 ι
1047 1004 1161 1057 manibus
1174 1008 1280 1059 cruentis
1300 1013 1325 1060 et
1342 1010 1408 1060 υιιιυῖ
1426 1012 1521 1076 piaculo
1538 1013 1564 1064 in
1584 1014 1652 1065 eires
1665 1017 1797 1070 commisso

1018 1119 1030 1144 ιι
1045 1098 1226 1160 contaminatis,
1239 1099 1300 1150 dum
1316 1101 1438 1152 modicia
1449 1108 1475 1153 et
1492 1104 1621 1157 libationes
1636 1108 1795 1171 auspicatur:

1018 1210 1031 1234 ιι
1046 1190 1133 1241 deinde
1145 1193 1230 1240 nostra
1240 1190 1350 1256 ipsomm
1365 1207 1419 1258 ope,
1432 1196 1477 1259 qui
1490 1210 1570 1262 neque
1582 1201 1653 1264 pauni
1666 1215 1747 1264 neque
1755 1216 1797 1253 re-

1018 1303 1031 1327 ι
1048 1297 1105 1334 rum
1121 1283 1265 1334 bellicarum
1284 1285 1390 1350 imperiti
1410 1302 1510 1352 suruus;
1531 1296 1651 1357 praeterea
1671 1295 1796 1346 sociorum

1019 1397 1031 1422 ιι
1046 1376 1160 1439 auxiliis,
1171 1377 1215 1442 qui
1225 1392 1240 1427 a
1251 1379 1324 1430 nobis
1341 1395 1389 1431 uon
1403 1386 1484 1435 vocati
1497 1398 1537 1436 res
1548 1401 1624 1437 noras
1635 1388 1735 1453 aggredi
1747 1405 1796 1441 non

1019 1491 1031 1516 ι
1046 1470 1188 1532 audebunt3
1201 1471 1245 1522 sed
1254 1472 1275 1522 si
1283 1473 1389 1528 viderint
1398 1491 1443 1529 nos
1454 1479 1569 1533 virtutem
1582 1483 1652 1534 nobis
1661 1483 1796 1543 uindicare,

1019 1586 1031 1609 ι
1050 1564 1161 1616 lubenter
1174 1564 1207 1615 ad
1215 1564 1290 1617 huius
1303 1568 1361 1620 belli
1372 1572 1516 1626 societatem
1528 1564 1636 1628 venient.
1678 1581 1797 1644 tyrannis

1020 1677 1032 1699 ι
1048 1655 1114 1706 enim
1134 1658 1247 1710 omnibns
1278 1663 1320 1726 qui
1347 1664 1484 1717 bbertatem
1505 1672 1622 1733 appetunt
1643 1676 1681 1722 est
1707 1671 1794 1721 inrisa.

1019 1784 1030 1807 ι
1049 1759 1160 1819 Quodsi
1179 1758 1223 1823 qni
1233 1761 1346 1809 restrum
1356 1758 1447 1811 dinem
1462 1761 1539 1825 eires,
1553 1765 1596 1826 qni
1613 1763 1640 1814 in
1649 1766 1735 1816 castris
1746 1780 1796 1817 una

1019 1876 1030 1899 ιι
1050 1869 1107 1906 curn
1115 1853 1248 1917 Tarquinio
1263 1856 1321 1904 sunt
1333 1854 1405 1918 quasi
1418 1854 1489 1911 illurn
1503 1857 1611 1909 adiutori
1623 1859 1682 1921 sint,
1690 1865 1715 1911 et
1725 1861 1796 1911 vobis

1018 1972 1031 1997 ι
1049 1949 1143 2000 bedam
1155 1949 1256 2012 illaturi,
1267 1949 1334 2001 haud
1346 1955 1413 2003 reete
1422 1952 1515 2004 timent.
1527 1954 1589 2003 Nam
1600 1957 1627 2003 et
1635 1953 1683 2004 illis
1694 1954 1797 2006 molesta

1020 2066 1032 2090 ι
1046 2050 1086 2098 est
1100 2045 1223 2110 tyrannim
1239 2049 1264 2096 et
1282 2047 1396 2099 omnbus
1407 2047 1554 2100 mortalibus
1563 2048 1686 2101 libertatis
1698 2050 1798 2103 deside·

1019 2163 1031 2186 ι
1046 2141 1111 2193 rium
1128 2144 1167 2194 est
1186 2141 1313 2202 innatnm3
1337 2146 1363 2194 et
1382 2143 1412 2193 iis
1431 2143 1472 2207 qni
1495 2143 1565 2194 inriti
1586 2146 1704 2195 etcoaeti
1724 2146 1797 2196 nuise-

1018 2257 1031 2282 ιι
1047 2238 1097 2287 rins
1114 2237 1256 2302 perierunt,
1278 2236 1373 2302 quavis
1393 2238 1434 2289 rel
1450 2237 1574 2289 levissima
1590 2238 1688 2289 occasio
1701 2240 1733 2289 ad
1755 2254 1795 2294 res

1017 2352 1030 2380 ι
1051 2331 1176 2383 novandas
1199 2331 1285 2382 idonea
1299 2331 1398 2383 ridetur
1418 2350 1424 2382 :
1439 2345 1501 2397 qnos
1515 2333 1538 2383 si
1549 2335 1632 2383 restro
1649 2333 1750 2384 decreto
1763 2335 1795 2385 ad

1019 2448 1031 2471 ιι
1046 2442 1118 2492 opem
1132 2427 1219 2493 patrica
1233 2425 1358 2478 terendam
1373 2426 1501 2490 rocaritls,
1513 2440 1562 2477 non
1576 2430 1657 2479 metus
1675 2443 1723 2480 non
1738 2445 1796 2495 grn-

1018 2541 1031 2570 ιι
1050 2524 1085 2574 tis
1108 2536 1188 2586 neque
1205 2521 1255 2573 ulta
1274 2522 1453 2587 ultoresque
1470 2520 1582 2573 homines
1595 2522 1626 2573 ad
1650 2522 1797 2576 iniustitiam

1018 2617 1091 2669 «rel
1114 2616 1223 2679 cogendo
1240 2616 1280 2667 rel
1300 2616 1427 2667 suadendo
1453 2615 1571 2682 impellit,
1593 2617 1656 2682 apud
1681 2621 1798 2681 tyrannos

1018 2733 1030 2757 ιι
1054 2712 1160 2762 retinere
1173 2711 1269 2777 poterit.
1303 2713 1377 2770 erod
1396 2712 1417 2763 st
1432 2712 1477 2776 qui
1488 2724 1574 2763 eorum
1589 2713 1702 2773 tortasse,
1716 2713 1754 2763 vel
1766 2713 1797 2762 ob

1021 2823 1034 2848 ιι
1051 2806 1239 2867 perversitatem
1262 2809 1358 2856 natura
1380 2807 1420 2857 vel
1447 2805 1481 2857 ob
1501 2805 1591 2857 malam
1612 2806 1796 2868 educationem,

1019 2920 1031 2942 ιι
1050 2899 1186 2965 tyrannidis
1203 2899 1314 2951 studium
1326 2901 1427 2952 insitum
1451 2899 1557 2961 babent;
1578 2904 1657 2959 certe,
1676 2914 1734 2950 cnm
1748 2914 1796 2950 non

1019 3013 1030 3037 ι
1053 2993 1102 3043 sint
1115 2993 1194 3055 multi,
1210 2992 1264 3042 illos
1278 3007 1377 3058 quoque
1393 2994 1432 3043 vel
1450 2992 1541 3045 inritos
1556 3007 1588 3044 ex
1599 2992 1717 3057 improbis
1737 3006 1795 3056 prn-

1021 3108 1033 3130 ιι
1050 3086 1095 3136 bes
1112 3086 1164 3136 lieri
1187 3100 1310 3149 cogemus.
1334 3086 1439 3136 Obsides
1458 3087 1524 3137 enim
1550 3086 1669 3138 habemus
1690 3087 1714 3135 in
1735 3086 1798 3141 urbe

1019 3198 1032 3223 ιι
1051 3192 1136 3230 eorum
1151 3179 1248 3240 liberos,
1272 3182 1299 3231 et
1310 3179 1425 3243 coniuges
1439 3182 1464 3230 et
1478 3183 1610 3245 parentes:
1628 3194 1685 3243 quen
1699 3180 1798 3230 uuicui-

1020 3290 1082 3339 ‹rque
1105 3277 1158 3326 vita
1180 3291 1227 3327 sua
1243 3275 1338 3326 cariora
1360 3279 1426 3325 sunt.
1447 3275 1473 3325 si
1493 3275 1569 3339 igitur
1589 3275 1732 3340 pollicemur
1754 3287 1799 3327 nos

1021 3392 1032 3415 ι
1049 3372 1104 3423 bero
1121 3373 1169 3423 iilis
1180 3372 1329 3430 reddituros,
1345 3371 1365 3421 si
1375 3385 1390 3420 a
1401 3371 1508 3433 tyrannis
1519 3370 1665 3430 detererint;
1677 3373 1702 3419 et
1717 3368 1738 3418 si
1751 3368 1798 3417 iltis

1018 3485 1030 3510 ιι
1052 3468 1199 3519 delictorum
1213 3467 1383 3533 impunitatem
1402 3466 1573 3528 decernimus,
1589 3463 1719 3516 taeilerem
1737 3462 1798 3527 ipsis

1023 3558 1262 3622 «persuadebimus.
1295 3559 1394 3617 Quare,
1423 3553 1550 3611 Quirites,
1570 3551 1703 3604 conlidenti
1718 3551 1799 3601 animo

1019 3665 1032 3689 ι
1051 3661 1081 3697 nc
1099 3646 1161 3697 bene
1183 3647 1215 3697 de
1240 3645 1314 3696 rebus
1341 3644 1431 3695 tuturis
1456 3645 1599 3706 sperantes,
1622 3640 1653 3691 ad
1676 3644 1799 3691 certamen

1019 3754 1030 3778 ιι
1049 3736 1097 3787 hoc
1118 3739 1221 3802 prodita,
1235 3737 1325 3787 bellum
1338 3733 1475 3798 suscepturi
1494 3731 1604 3782 omnium
1617 3744 1675 3794 quaa
1691 3742 1798 3792 unquam

1019 3842 1030 3865 ιι
1051 3827 1175 3890 gesseritis
1184 3826 1359 3888 justissimum.
1392 3826 1442 3875 Nos
1463 3821 1536 3884 igitur
1554 3834 1599 3884 per
1613 3818 1674 3869 deos
1688 3817 1796 3882 patrios,

1019 3934 1030 3955 ιι
1051 3913 1125 3964 huius
1138 3916 1242 3977 regionis
1256 3914 1332 3963 bonos
1347 3910 1463 3974 praesides
1479 3912 1503 3959 et
1518 3908 1610 3972 gentos,
1622 3904 1712 3969 quibus
1722 3903 1797 3952 maio-

1018 4020 1030 4044 ιι
1047 4015 1102 4051 rum
1124 4006 1262 4052 nostrornm
1293 4002 1373 4051 tulela
1394 3998 1496 4062 obtigit3
1524 3996 1660 4060 urbemque
1686 3992 1796 4043 omnium

1018 4108 1030 4132 ιι
1048 4090 1096 4140 diis
1113 4092 1280 4151 carissimam,
1296 4092 1319 4141 in
1336 4104 1385 4153 qnia
1402 4089 1452 4139 nati
1470 4091 1496 4138 et
1508 4087 1605 4137 educati
1620 4098 1718 4145 sumus,
1728 4081 1798 4132 vobis

1018 4200 1030 4223 ιι
1047 4195 1119 4245 opem
1133 4183 1240 4231 teramus
1252 4184 1277 4231 et
1291 4181 1408 4241 consiliis,
1422 4183 1447 4231 et
1459 4178 1539 4240 dictis,
1555 4180 1579 4227 et
1593 4174 1673 4233 tactis,
1682 4177 1707 4225 et
1716 4172 1797 4224 mani-

1020 4270 1109 4331 obus,
1130 4276 1156 4321 et
1172 4271 1231 4329 vita,
1246 4274 1271 4320 et
1287 4270 1406 4335 quidquid
1429 4269 1491 4319 dens
1507 4271 1532 4316 et
1545 4267 1622 4317 latum
1637 4263 1722 4315 tulerit
1738 4276 1796 4326 per·

1019 4377 1032 4401 ιι
1048 4358 1100 4423 peti
1119 4373 1205 4409 sumus
1222 4360 1310 4421 prararti.
1344 4364 1457 4419 Augrrror
1474 4360 1558 4406 autem
1573 4354 1636 4404 bene
1647 4354 1728 4416 empta
1741 4351 1796 4401 leli·

1020 4467 1032 4490 ιι
1046 4460 1102 4498 cern
1115 4448 1256 4497 assecutum
1269 4460 1323 4496 esse
1340 4447 1443 4496 exitum.
1489 4443 1606 4506 obtingat
1623 4441 1662 4490 bis
1683 4438 1798 4489 ominibus

1020 4556 1032 4578 «
1047 4539 1084 4596 nt,
1098 4539 1196 4598 sumpto
1206 4534 1292 4584 eodem
1307 4536 1389 4584 animo
1406 4534 1542 4596 eodemque
1555 4530 1658 4581 musitio
1674 4531 1745 4592 rapto
1755 4565 1760 4584 ,
1772 4528 1798 4575 et

1019 4643 1031 4666 ιι
1049 4637 1094 4674 nos
1104 4628 1202 4675 servent
1213 4625 1238 4674 et
1251 4622 1385 4674 vicissima
1402 4624 1471 4673 nobis
1483 4625 1624 4672 seruentur.
1644 4638 1655 4662 ιι

1049 4715 1174 4763 Lxxxlv.
1191 4715 1268 4762 Bruto
1283 4714 1331 4762 troo
1346 4711 1420 4762 modo
1438 4711 1593 4761 concionanti
1608 4714 1675 4758 tolus
1692 4707 1797 4771 populus

1018 4800 1161 4866 frequenter
1172 4802 1322 4852 acclamabat
1331 4802 1363 4852 nd
1382 4801 1476 4864 singula
1488 4814 1545 4862 qncn
1559 4799 1671 4855 diceban
1688 4799 1714 4847 et
1725 4808 1795 4858 quoe-

1018 4905 1075 4943 nam
1088 4895 1156 4944 esset
1176 4904 1221 4942 sua
1235 4890 1362 4947 voluntas,
1377 4895 1401 4940 et
1422 4888 1482 4952 qnid
1502 4888 1598 4938 iuberet
1611 4891 1695 4952 aperte
1709 4883 1797 4945 signitr·

1018 4995 1084 5032 cans.
1119 4980 1260 5040 Quinetiam
1276 4979 1400 5043 plerisque
1415 4992 1502 5028 eorum
1519 4977 1628 5028 lacrimas
1643 4990 1694 5042 prae
1707 4973 1798 5036 volup-

1018 5075 1069 5120 tate
1093 5072 1210 5129 lluebant,
1232 5069 1299 5130 qnod
1319 5067 1453 5118 orationem
1476 5066 1645 5117 admirandam
1667 5070 1691 5117 et
1707 5064 1798 5127 praeter

1018 5158 1126 5210 omnium
1139 5172 1208 5211 snam
1217 5156 1427 5222 exspectationem
1441 5155 1570 5206 audirent:
1587 5160 1610 5204 et
1621 5155 1682 5204 rarii
1694 5152 1796 5204 allectus
