3772 5828
171 330 230 389 tet

171 482 224 517 των
244 456 358 529 ἀγόντων
372 454 547 535 ἀμροτέρων,
562 454 608 513 καλ
628 453 798 534 προελθόντες
821 459 883 538 α’χρι
895 462 946 517 τῶν

172 546 238 624 ὅρων
258 550 305 615 τῆς
329 544 457 624 σρετέρας
480 544 772 623 κατεστρατοπέδευσαν
795 546 839 604 ἐπὶ
859 546 949 627 λόροις

173 634 263 704 δυσίν,
283 631 347 691 ίδιον
364 632 488 711 ἑκατέρου
502 636 554 691 τῶν
580 631 688 693 ὑπάτων
712 634 888 714 στρατόπεδον
904 636 948 696 iri

172 726 226 788 τοῖς
240 720 423 800 ἐρυμνοτάτοις
435 726 684 797 καταστησαμένου.
710 725 752 783 oi
768 722 821 800 μὴν
834 723 947 805 ἔδρασάν

132 844 144 881 5
172 834 202 888 γε
219 808 277 869 οὔτε
294 813 381 885 μεῖζον
396 808 451 868 οὔτ’
466 811 574 869 ἔλαττον
591 808 682 885 οάθθν,
702 813 762 871 ἀλλ’
785 813 947 894 ἀνέστρεψαν

173 899 319 979 ἀπρακτοι,
339 897 423 958 καίτοι
446 898 528 966 καλὰς
543 898 664 980 ἀρορμάς
682 901 779 959 δόντων
795 904 881 968 αὐτοῖς
895 904 948 961 τῶν

171 986 306 1064 πολεμίων
331 987 427 1067 δρᾶσαί
453 1011 480 1046 τι
503 996 632 1065 γενναῖον.
683 987 811 1069 Πρότεροι
835 987 888 1069 γὰρ
908 989 947 1048 ἔτι

171 1075 270 1136 τούτων
283 1074 445 1135 Οὐολοῦσκοί
468 1099 497 1135 τε
516 1074 561 1135 καὶ
576 1075 687 1136 niseni
707 1075 819 1156 στρατὸν
840 1078 884 1136 ἐπί
898 1076 946 1149 τὴν

172 1164 314 1239 Ῥωμαίων
338 1171 387 1245 γῆν
418 1165 534 1243 ἤγαγον,
556 1164 665 1241 γνώμην
700 1166 876 1241 ποιησάμενοι
907 1166 945 1244 μὴ

119 1278 143 1317 ιο
172 1256 271 1312 ἀνεῖναι
294 1255 338 1313 τὸν
357 1256 467 1333 καιρὸν,
484 1255 544 1312 ἀλλ’
559 1252 608 1319 ἕως
628 1253 667 1312 ἐτι
681 1255 903 1335 καταπεπλῆχθαι
917 1255 948 1314 ro

172 1344 313 1403 ἀντίπαλον
330 1342 433 1403 ἐδόκουν
447 1346 544 1423 χωρεῖν
559 1343 604 1401 ἐπ’
616 1343 680 1402 αὖτ’)
693 1389 701 1416 ,
713 1347 749 1410 ὡς
763 1342 810 1402 καὶ
829 1340 945 1402 ἑκούσιον

171 1432 213 1490 διὰ
236 1430 291 1496 δέος
314 1429 559 1510 παραστησόμενον.
612 1429 861 1498 Στασιάσαντεςδδ
886 1431 947 1510 περὶ

170 1525 217 1590 τῆς
242 1519 382 1595 ἡγεμονίας
401 1516 459 1577 κατ’
475 1518 599 1589 ἀλλήλων
612 1517 646 1577 τά
670 1518 739 1578 δπλα
758 1518 883 1599 ἥρπασαν
900 1517 946 1577 καί

169 1608 347 1684 συμπεσόντες
368 1607 515 1687 ἐμάχοντο,
534 1604 593 1667 οὔτε
607 1606 678 1666 κατὰ
692 1607 766 1676 τάξιν
778 1605 835 1668 οὔτ’
850 1608 881 1667 ἐκ
895 1630 947 1666 πα·

117 1726 141 1767 ts
169 1696 368 1773 ραγγέλματος,
382 1695 450 1754 ἀλλά
466 1697 567 1776 φύρδην
581 1694 628 1755 καὶ
642 1695 739 1773 ἀναμίξ
751 1741 760 1769 ,
780 1695 850 1756 ὥστε
862 1694 945 1756 πολὺν

168 1783 194 1852 ἐξ
211 1787 308 1865 ἀμροίν
328 1784 448 1863 γενέσθαι
471 1785 559 1866 φόνον.
603 1784 666 1846 ΚαὶΙ
679 1787 701 1843 εί
726 1785 763 1860 μὴ
788 1785 831 1853 δὺς
846 1788 860 1844 θ
873 1785 946 1856 ἥλιος

169 1872 296 1951 έρθασεν,
313 1871 416 1931 ἅπασαι
430 1870 462 1931 ἀν
473 1875 560 1932 αὐτῶν
576 1874 603 1930 αί
618 1871 741 1947 δυνάμεις
753 1873 943 1952 διεφθάρησαν.

167 1964 210 2036 Τῇ
234 1961 260 2021 δέ
273 1964 347 2021 νυκτὶ
362 1959 460 2039 λυούσῃ
478 1961 509 2020 τὸ
522 1965 605 2029 νεῖκος
621 1962 737 2021 ἀκούσιοι
759 1962 873 2029 εἴξαντες
888 1962 947 2019 διε-

168 2050 295 2129 κρίθησάν
310 2050 333 2109 τ’
347 2049 394 2110 ἀπ’
410 2050 533 2117 ἀλλήλων
554 2050 601 2109 καί
616 2050 660 2108 ἐπὶ
675 2049 733 2116 τοὺς
756 2049 835 2116 ίδίους
853 2048 943 2129 χάρα·

114 2166 141 2205 20
167 2162 215 2205 κας
229 2139 435 2215 ἀπηλλάγησαν.
479 2136 584 2198 'Emito
597 2136 624 2195 δέ
640 2136 835 2207 ἀναστήσαντες
845 2135 892 2203 τάς
904 2139 944 2196 δυ·

167 2226 258 2300 ναίμεις
281 2226 401 2301 ἀπῄεσαν
426 2224 544 2303 έκάτεροι
570 2225 614 2282 ἐπὶ
634 2223 669 2283 τδι
691 2222 816 2305 σφέτερα.
858 2226 894 2285 Oi
915 2226 943 2284 δὲ

167 2312 263 2372 ὑπατοι
273 2311 346 2391 παρά
361 2314 386 2369 τ’
402 2313 556 2391 αὐτομόλων
570 2314 616 2372 καὶ
630 2311 821 2392 αἰχμαλώτων,
831 2310 857 2372 oi
870 2310 945 2393 παρά

168 2399 232 2459 αὑτὸ
248 2400 277 2459 τό
298 2399 374 2480 ἔργον
396 2399 567 2480 ἀπέδρασαν,
588 2400 747 2469 ἀκούσαντες
770 2393 812 2460 οἷα
828 2405 944 2482 κατέσχε

166 2487 252 2548 λύσσα
267 2489 313 2548 καί
328 2486 485 2549 θεοόλοίόεια
500 2488 534 2547 τά
553 2488 685 2566 πολέμια,
699 2489 759 2549 οὔτε
774 2490 944 2550 συνεπέθεντο

112 2612 139 2650 25
166 2584 203 2658 τῷ
218 2578 277 2638 κατ’
300 2578 380 2658 εὐχὴν
398 2578 498 2638 δοθέντι
517 2581 601 2660 καιρῷ
622 2579 765 2660 τριάκοντα
780 2579 896 2639 σταδίοιν
913 2582 943 2639 οὑ

165 2666 255 2724 πλεῖον
271 2666 433 2744 ἀπέχοντες,
447 2663 500 2724 οὔτ’
520 2668 644 2733 ἀπιόντας
658 2664 783 2740 ἐδίωξαν,
800 2658 864 2749 ἐνῷ
883 2690 942 2727 κεκ-

166 2753 284 2828 μηκότας
299 2759 344 2812 καὶ
366 2754 531 2833 τραυματίας
551 2755 595 2814 καί
614 2754 716 2834 ὀλίγους
732 2758 762 2815 ἐκ
777 2758 883 2816 πολλῶν
898 2758 943 2815 καί

166 2843 294 2908 ἀτάκτους
310 2849 462 2923 χωροῦντας
480 2846 631 2925 ἀκραιφνεῖς
647 2844 722 2904 αθτολ
743 2845 788 2904 καλ
809 2844 856 2904 σὺν
877 2848 943 2906 κόσ-

165 2954 208 3010 μῳ
226 2930 349 3008 ἑπόμενοι
375 2932 472 3013 ρορδίως
495 2933 526 2991 ἀν
542 2932 688 3013 διέφθειραν
704 2934 830 2993 πασσυδί.
883 2934 943 2995 Λό-

112 3046 139 3086 30
165 3042 257 3087 σαντες
279 3020 306 3079 δὲ
328 3019 373 3079 καί
389 3020 463 3077 αὑτοὶ
488 3021 547 3086 τοὺς
570 3021 691 3098 χάρακας
707 3020 828 3099 ἀπῄεσαν
844 3026 880 3089 είς
894 3022 942 3095 τὴν

164 3108 258 3183 πόλιν,
273 3109 321 3168 εἴτ’
343 3108 499 3189 ἀρκούμενοι
521 3113 560 3188 τῷ
574 3109 648 3186 παρὰ
672 3112 719 3179 τῆς
740 3111 820 3188 τύχης
845 3112 943 3173 δοθέντι

164 3203 270 3277 ἀγαθῷ,
296 3199 341 3258 εἴτ’
358 3200 386 3256 ού
411 3197 578 3265 πιστεύοντες
603 3195 746 3277 ἀνασκήτῳ
773 3209 885 3280 στρατιᾷ
909 3206 941 3279 τῇ

164 3290 276 3369 σφετέρα
284 3333 292 3362 ,
305 3287 356 3346 εἴτε
370 3286 430 3366 περὶ
441 3290 539 3346 πολλοῦ
554 3284 704 3363 ποιούμενοι
715 3287 745 3345 τὸ
761 3286 827 3364 μηδὲ
840 3288 942 3367 ὀλίγους

163 3382 215 3435 τῶν
242 3376 373 3456 σφετέρων
402 3374 557 3435 ἀποόαλεῖν.
610 3375 773 3455 ’λρικόμενοι
795 3375 818 3435 δ’
838 3378 873 3443 είς
893 3377 941 3449 τὴν

111 3494 136 3534 35
163 3469 239 3526 πόλιν
260 3467 285 3524 ἐν
307 3465 418 3545 αἰσχύνῃ
444 3466 530 3545 πολλῇ
544 3456 628 3537 ἦσαν,
642 3464 738 3531 δειλίας
754 3464 829 3534 δόξαν
847 3467 890 3526 ἐπὶ
902 3472 941 3548 τῷ

163 3554 233 3635 ἔργῳ
247 3554 398 3635 φερόμενοι·
414 3552 458 3611 καί
472 3555 595 3630 οὐδεμίαν
610 3554 696 3622 ἔξοδον
711 3552 749 3612 ἔτι
765 3555 940 3632 ποιησάμενοι

164 3643 313 3722 παρέδοσαν
329 3644 381 3709 τοῖς
395 3642 453 3719 μεθ’
469 3643 575 3710 ἐαυτοὺς
587 3644 696 3709 ὑπάτοις
708 3643 753 3715 τὴν
770 3643 866 3724 ἀρχήν.

204 3736 311 3795 LXIV.
335 3735 382 3810 'toi
395 3733 421 3790 δέ
438 3734 496 3804 ἑξῆς
512 3737 639 3813 ἐνιαυτῷ,
659 3735 735 3799 Γάϊος
748 3733 795 3809 μέν
808 3732 941 3801 Ἀκύλλιος

164 3823 209 3881 καὶ
232 3827 311 3888 Τῖτος
335 3822 459 3897 Σίκκιος,
481 3820 571 3903 ἀνδρες
593 3820 713 3899 ἔμπειροι
737 3819 877 3898 πολέμων,
892 3823 940 3895 τὴν

111 3924 139 3962 tu
164 3910 290 3968 ὑπατείαν
313 3909 518 3991 παρειλήρεσαν.
562 3908 597 3967 ‘H
620 3908 647 3968 δὲ
671 3909 767 3986 βουλὴ,
791 3909 939 3988 προθέντων

163 3998 239 4072 λόγον
256 4000 375 4079 περὶτοῦ
390 3998 506 4077 πολέμου
519 4001 569 4056 τῶν
584 3996 701 4066 ὑπάτων,
720 4001 824 4075 πρῶτον
840 4000 939 4080 ἐψηφί-

164 4107 230 4143 σατο
251 4086 392 4161 πρεσὺείαν
406 4089 511 4165 πέμψαι
526 4085 591 4164 πρὸς
613 4085 741 4166 Ἕρνικας
761 4087 937 4160 αἰτήσουσαν,

164 4176 198 4239 ὑις
213 4174 285 4253 παρὰ
303 4175 384 4254 ριλων
399 4200 428 4234 τε
450 4178 494 4236 καί
508 4174 677 4252 ἐνσπόνδων,
701 4175 775 4241 δίκας
797 4172 938 4252 νομίμους·

167 4265 272 4334 ἠδίκητο
288 4265 338 4343 γὰρ
352 4271 368 4335 i,
381 4266 455 4331 πόλις
470 4269 513 4324 ὑπ’
524 4268 610 4325 αὐτῶν
624 4262 691 4322 κατὰ
707 4263 753 4334 τὴν
765 4262 940 4322 Οὐολούσκων

125 4375 136 4410 s
165 4376 192 4409 τε
208 4355 251 4409 καὶ
267 4354 389 4410 Αἰκανῶν
408 4353 592 4433 ἐπιστρατείαν
603 4354 739 4434 λῃστείαις
755 4379 782 4412 τε
800 4353 844 4412 καί
858 4378 941 4412 κατα-

165 4441 271 4519 δρομαῖς
287 4445 332 4507 τῆς
343 4441 488 4518 ὁμορούσης
502 4447 588 4511 αὐτοῖς
598 4449 661 4520 γῆς·
678 4443 724 4509 ἕως
737 4442 763 4501 δέ
775 4443 805 4501 ἀν
818 4442 865 4510 τάς
878 4447 940 4525 παρ’

164 4531 269 4588 ἐκείνων
284 4530 401 4587 λάθωσιν
419 4533 584 4610 ἀποκρίσεις,
600 4532 727 4610 στρατιὰν
740 4532 803 4603 ὅσην
819 4533 941 4590 δύνανται

164 4618 291 4690 πλείστην
306 4618 483 4698 καταγράρειν
498 4620 557 4686 τοὺς
573 4622 685 4688 ὑπάτους
697 4622 741 4678 καὶ
760 4620 818 4688 τοὺς
833 4621 941 4698 συμμά-

164 4734 226 4789 χους
242 4706 386 4788 πρεσύειῶν
406 4709 565 4774 ἀποστολαῖς
585 4712 750 4788 παρακαλεῖν
767 4719 836 4768 σῖτον
854 4709 942 4766 τεκαὶ

112 4815 138 4851 ου
165 4799 234 4856 ὅπλα
250 4797 296 4856 καὶ
305 4794 433 4875 χρήματα
445 4796 490 4852 καὶ
505 4798 579 4854 τᾶλλ’
592 4798 659 4857 ὅσων
671 4800 721 4858 ἔδει
732 4804 768 4880 τῷ
780 4799 887 4878 πολέμῳ
899 4797 941 4855 διὰ

165 4888 334 4967 πολυχειρίας
354 4884 609 4964 παρασκευάσασθαι
631 4889 675 4947 καί
695 4892 721 4947 ἐν
740 4891 827 4967 τάχει.
848 4887 896 4953 Ὡς
915 4889 941 4946 δὲ

162 4976 326 5051 ἀπήγγειλαν
337 4979 425 5044 αὐτοῖς
436 4977 646 5058 ἀναστρέψαντες
656 4981 679 5035 οἳ
690 4976 812 5051 πρέσόεις
823 4978 853 5044 ἀς
862 4978 935 5057 παρά

162 5064 213 5118 τῶν
235 5062 364 5141 Ἱίρνίκων
387 5067 482 5125 ἔλαόον
504 5065 667 5144 ἀποκρίσεις,
690 5090 702 5118 ιι
721 5063 786 5121 <Ὀτι
807 5066 935 5137 συνθήκας

163 5148 210 5227 μέν
226 5148 255 5209 ού
274 5173 351 5231 ρασιν
368 5155 455 5220 αὐτοῖς
476 5146 542 5211 εἶναι
560 5153 624 5231 πρὸς
638 5151 788 5228 Ῥωμαίους
802 5156 874 5233 κοινῇ
892 5181 935 5235 γε·

685 323 856 387 DIONYSH
878 326 1260 393 flnelctmtnsssltsts

1001 484 1051 535 que
1064 472 1097 521 ad
1110 471 1172 522 tineo
1187 470 1241 535 agri
1252 471 1291 522 sui
1303 471 1441 535 progressi,
1462 474 1550 523 oestro
1562 472 1591 523 in
1605 472 1714 525 duobus
1728 476 1799 530 eolli-

1001 564 1048 615 tous
1061 568 1211 629 posueruut,
1225 564 1268 616 ubi
1278 567 1382 631 uterque
1396 564 1485 617 mnsui
1497 565 1524 617 in
1538 566 1721 619 munitissimis
1731 569 1796 621 iocis

1002 664 1114 708 seorsum
1125 658 1244 711 eonsedit.
1276 659 1343 711 Nihil
1355 662 1439 713 temen
1452 674 1499 713 nee
1510 662 1637 727 gravioris
1649 678 1697 716 nee
1708 663 1795 716 terio-

1002 748 1036 799 ris
1051 751 1169 803 momenti
1183 754 1330 816 gessenmt,
1347 752 1393 804 sed
1408 766 1437 805 re
1450 754 1543 806 iniecto
1557 755 1701 817 ιυιῑῑετιιτιι,
1727 758 1793 812 lieet

1001 844 1087 896 hostes
1098 847 1134 897 ret
1150 847 1212 898 bene
1228 848 1343 912 gerendo
1352 849 1506 903 amisionem
1518 852 1646 917 egregium
1659 854 1709 904 iilis
1724 868 1791 919 prn-

1003 938 1122 991 buissent.
1154 942 1217 992 liurn
1232 942 1316 993 Volset
1326 946 1352 994 et
1364 943 1437 1009 AEqui
1449 958 1507 994 euru
1519 946 1636 998 exercitu
1647 949 1789 1000 itomenum

1002 1046 1089 1096 ugrum
1104 1034 1201 1099 priores
1219 1036 1376 1099 invaserant,
1397 1051 1428 1088 eo
1444 1040 1562 1103 oonsilio,
1576 1056 1611 1093 ue
1633 1042 1702 1093 hone
1715 1058 1788 1095 oeen-

1002 1128 1097 1181 sionem
1106 1128 1337 1194 praetorrnitterent,
1354 1129 1400 1181 sed
1411 1130 1567 1183 udrersurios
1576 1133 1784 1199 aggrederentur,

1002 1221 1081 1274 donee
1103 1223 1185 1274 adhue
1204 1224 1331 1289 perterriti
1353 1224 1517 1288 ridebuntur,
1541 1228 1616 1291 quusi
1638 1243 1693 1293 pres
1715 1235 1784 1283 metu

1002 1314 1068 1365 uitro
1085 1319 1169 1367 essent
1186 1317 1291 1368 τοσαυτί.
1323 1316 1373 1369 sed
1389 1320 1445 1370 urtn
1460 1318 1596 1370 interillos
1617 1321 1743 1373 seditione
1752 1324 1784 1375 de

1000 1409 1119 1474 imperio,
1131 1424 1202 1461 erma
1213 1410 1398 1477 corripuerunt,
1407 1418 1435 1464 et
1446 1412 1599 1465 osismos
1610 1415 1708 1481 impetu
1721 1418 1783 1469 tuoto

1002 1504 1182 1567 condixerunt,
1195 1506 1269 1557 nuliis
1288 1506 1395 1558 servetis
1407 1507 1554 1571 ordinibus,
1574 1522 1625 1561 nee
1642 1514 1781 1577 exspectato

1002 1597 1084 1662 signo,
1097 1598 1140 1648 sed
1160 1599 1261 1651 contuse
1274 1603 1301 1652 et
1321 1600 1478 1667 promiscue,
1505 1601 1544 1653 itu
1565 1605 1595 1653 ut
1615 1616 1703 1669 magns
1723 1604 1779 1660 hine

1001 1689 1167 1771 inde‘streges
1175 1693 1244 1744 editu
1261 1693 1344 1745 tuerit.
1359 1695 1392 1745 lit
1400 1684 1447 1745 nisi
1460 1693 1521 1745 solis
1532 1708 1642 1747 oueosus
1652 1710 1696 1748 eos
1706 1698 1777 1749 eute-

1003 1786 1133 1847 rertisset,
1144 1801 1230 1839 omnes
1241 1788 1317 1852 copim
1328 1787 1494 1840 internecione
1501 1787 1592 1840 delete
1603 1788 1716 1842 fuissent.
1728 1790 1778 1843 Sed

1002 1892 1078 1943 quurn
1095 1881 1161 1930 noeti
1181 1881 1293 1945 proeiinrn
1304 1880 1409 1932 solventi
1426 1880 1501 1933 inriti
1516 1882 1663 1945 cessissent,
1682 1884 1782 1937 diremti

1001 1975 1060 2023 suut
1070 1973 1113 2024 atii
1124 1973 1156 2024 ab
1166 1975 1237 2036 otiis,
1257 1978 1283 2026 et
1294 1975 1320 2025 in
1331 1990 1377 2027 suo
1387 1976 1481 2041 quique
1492 1980 1575 2028 οεοοτιι
1587 1990 1616 2029 se
1626 1981 1781 2044 receperunt.

1000 2069 1072 2117 Mune
1093 2079 1153 2117 sero
1182 2068 1257 2118 motis
1273 2068 1362 2119 metris
1382 2068 1484 2134 utrique
1509 2068 1612 2119 domum
1642 2071 1781 2122 redierunt.

1000 2160 1120 2212 consules
1129 2174 1189 2211 reru
1199 2175 1278 2225 quum
1285 2174 1316 2213 ex
1327 2161 1495 2226 transiugiset
1503 2161 1616 2226 mpuris,
1627 2163 1673 2226 qui
1683 2176 1715 2213 ex
1725 2164 1783 2228 ipso

1000 2256 1086 2321 proeiio
1101 2256 1263 2321 aufugerent,
1280 2257 1423 2319 audissent,
1444 2260 1534 2323 qmou
1556 2256 1640 2309 rubios
1663 2263 1688 2309 et
1705 2257 1779 2310 furor

1000 2351 1120 2403 divinitus
1143 2351 1270 2402 immissus
1294 2351 1380 2403 hostes
1404 2350 1546 2415 ἰονειίειεί,
1574 2364 1621 2403 neo
1646 2354 1685 2403 usi
1713 2354 1777 2404 sunt

1000 2446 1083 2499 oblatu
1102 2446 1256 2511 optatissimo
1275 2446 1419 2508 oenusione,
1441 2445 1557 2513 quemuis
1577 2445 1680 2512 trigiutu
1695 2447 1780 2500 studia

1000 2556 1047 2592 nou
1059 2542 1165 2607 emplius
1177 2540 1209 2591 eb
1218 2540 1266 2591 iltis
1282 2539 1411 2603 abessent,
1426 2552 1473 2592 nee
1485 2538 1641 2593 disoetlentes
1655 2542 1781 2606 persecuti

999 2638 1058 2686 sunt
1068 2673 1074 2695 ,
1085 2648 1136 2699 quo
1146 2639 1257 2699 tempore
1268 2633 1323 2684 ilios
1335 2634 1385 2684 ium
1396 2632 1510 2686 defessus
1520 2638 1547 2687 et
1561 2634 1670 2699 mucius,
1682 2638 1709 2686 et
1721 2649 1781 2700 puu-

999 2743 1069 2780 eose
1092 2728 1177 2779 multis
1197 2727 1321 2790 reliquos,
1338 2727 1502 2792 incomposito
1523 2727 1622 2790 umine
1641 2726 1777 2791 obeuntes,

999 2824 1047 2890 ipsi
1059 2827 1169 2874 reoentes
1183 2827 1208 2872 et
1219 2823 1341 2873 instructa
1358 2822 1411 2873 scie
1433 2824 1581 2887 sequentes,
1599 2822 1664 2873 iueiii
1676 2822 1776 2883 negotio

999 2934 1084 2971 omnes
1098 2919 1180 2969 deiero
1194 2917 1340 2982 potuissent.
1354 2917 1403 2968 Sed
1422 2915 1468 2981 ipsi
1484 2930 1585 2983 quoque
1598 2916 1670 2969 nutis
1684 2916 1774 2967 cestris

999 3013 1024 3063 in
1042 3013 1129 3063 urbem
1150 3012 1290 3072 redierunt,
1312 3010 1365 3061 sive
1391 3012 1509 3074 praesenti
1535 3010 1643 3063 fortune
1656 3009 1775 3062 benetieio

999 3108 1120 3167 contenti,
1132 3106 1185 3156 sive
1199 3106 1267 3170 quod
1281 3120 1326 3156 suo
1350 3105 1459 3155 tironum
1470 3107 1592 3158 exercitui
1602 3121 1651 3158 nun
1661 3106 1776 3167 fiderent,

999 3203 1050 3253 sive
1061 3200 1128 3266 quud
1139 3201 1221 3264 margin
1233 3200 1296 3250 illud
1314 3202 1423 3250 iacerent
1435 3238 1442 3260 ,
1452 3214 1482 3251 ne
1495 3215 1592 3265 paucos
1602 3200 1704 3265 quidem
1717 3215 1778 3252 suo·

999 3306 1054 3341 rum
1064 3290 1187 3343 emittere.
1221 3287 1321 3338 Reversi
1337 3291 1422 3339 autem
1437 3288 1463 3337 iu
1483 3289 1573 3340 urbem
1590 3290 1665 3341 vaide
1677 3289 1779 3355 ignomi-

998 3382 1066 3432 niose
1085 3383 1144 3431 suot
1154 3378 1262 3442 accepti,
1277 3381 1301 3427 et
1315 3378 1348 3427 ob
1362 3376 1424 3427 iilud
1440 3374 1536 3428 sueinus
1556 3379 1655 3443 ignavie
1674 3379 1753 3430 notati
1768 3394 1776 3426 τ

997 3484 1042 3520 nee
1053 3470 1102 3520 ulio
1118 3469 1222 3534 rrrnpiius
1234 3466 1390 3531 expeditione
1403 3467 1477 3528 tecte,
1489 3468 1655 3531 sequentibus
1673 3468 1778 3521 consuti·

997 3560 1043 3610 bus
1056 3560 1228 3623 rungistruturn
1243 3555 1409 3607 tradiderunt.

1026 3736 1111 3784 Liitv.
1127 3736 1195 3781 nuno
1208 3727 1347 3791 insequenti
1359 3728 1387 3777 c.
1400 3726 1511 3790 Aquilius
1520 3730 1546 3777 et
1556 3728 1586 3778 T.
1599 3727 1714 3792 Siccius,
1728 3730 1777 3782 riri

996 3834 1032 3883 rei
1044 3828 1158 3879 militaris
1165 3826 1247 3890 periti,
1257 3824 1370 3874 consules
1382 3823 1458 3873 oresti
1470 3826 1549 3874 erent.
1563 3824 1672 3876 Seuutus
1680 3830 1774 3889 sutem,

995 3923 1136 3977 oonsulibus
1151 3920 1183 3970 de
1200 3918 1265 3968 hello
1284 3918 1463 3978 referentibus,
1477 3917 1586 3982 prirnum
1604 3921 1733 3984 decrerit,
1745 3927 1777 3974 ut

995 4021 1025 4071 ed
1041 4016 1161 4068 Hernicos
1178 4012 1338 4061 mitterentur
1362 4011 1435 4075 legati
1457 4012 1514 4077 qui,
1537 4016 1567 4063 ut
1589 4015 1622 4065 ub
1646 4017 1734 4068 etnicis
1749 4016 1778 4071 et

994 4109 1133 4168 foderatis,
1153 4119 1238 4171 pennas
1262 4104 1383 4168 legitimos
1405 4108 1544 4170 repeterent
1570 4108 1647 4169 (nam
1668 4112 1777 4175 populus

995 4209 1117 4256 idomenus
1131 4201 1156 4250 in
1178 4198 1326 4248 Volscorum
1348 4199 1375 4246 et
1397 4198 1535 4260 AEquorurn
1559 4196 1638 4259 bello,
1653 4201 1721 4263 quod
1734 4201 1775 4255 itti

994 4297 1127 4352 latrociniis
1141 4298 1165 4344 et
1179 4290 1366 4342 excursionibus
1384 4305 1454 4354 egros
1469 4292 1586 4342 finitimos
1600 4292 1769 4360 infestassent,

994 4394 1106 4446 iniurium
1122 4387 1274 4452 aeeepernt);
1295 4385 1393 4435 interim
1409 4400 1481 4447 vero,
1498 4387 1557 4437 duni
1574 4388 1604 4437 eb
1615 4387 1662 4436 iilis
1673 4390 1771 4456 accipe·

993 4493 1046 4538 rent
1062 4501 1212 4552 responsum,
1225 4485 1338 4535 conseres
1351 4487 1484 4535 iusserunt
1497 4486 1615 4548 quantum
1629 4482 1772 4539 maximnm

993 4584 1236 4650 possenterereitunr
1252 4582 1423 4641 conscribere,
1439 4585 1464 4631 ot
1476 4581 1597 4631 sociorum
1608 4579 1701 4631 suxilio
1711 4584 1773 4635 mis·

992 4680 1025 4729 sis
1040 4678 1202 4738 legationibus
1218 4691 1355 4735 ereeersertn
1373 4682 1398 4725 et
1413 4673 1578 4735 frumentum,
1597 4688 1677 4735 anun,
1692 4689 1772 4740 pecu-

991 4776 1106 4839 niasque,
1122 4779 1145 4824 et
1161 4776 1220 4824 otios
1234 4789 1272 4823 res
1281 4774 1313 4823 ed
1324 4789 1384 4824 ursos
1393 4774 1492 4825 bellicos
1507 4773 1666 4835 necessarias,
1679 4787 1770 4840 rengno

992 4874 1117 4924 hominum
1131 4887 1204 4922 runnu
1219 4876 1243 4923 et
1256 4872 1369 4923 eeleriter
1384 4886 1479 4936 perure.
1499 4875 1583 4930 Quum
1598 4876 1682 4921 eutem
1694 4871 1768 4936 legati

991 4968 1083 5021 reversi
1099 4981 1214 5032 responsa
1222 4967 1253 5016 eb
1262 4967 1371 5016 liernieis
1383 4970 1483 5032 neeepte
1494 4968 1693 5018 renuntiassent:
1705 4987 1717 5011 o
1725 4981 1770 5020 eos

991 5082 1093 5134 negare,
1107 5067 1188 5116 foetus
1205 5079 1315 5127 truquern
1327 5065 1427 5128 publico
1446 5079 1565 5116 consensu
1585 5065 1632 5115 sibi
1646 5078 1704 5114 eum
1722 5078 1769 5130 po-

990 5168 1049 5232 pulo
1064 5169 1173 5218 Burrieno
1193 5164 1287 5214 tostum
1303 5177 1370 5226 esse,
1386 5168 1411 5215 et
1426 5163 1506 5215 sindus
1518 5177 1575 5215 cum
1591 5177 1647 5225 rege
1662 5164 1769 5228 Tarqui-
