3772 5828
200 337 260 394 378
722 331 889 395 bloutstt
908 335 1284 404 Htttcttmtsstsrtsts

202 463 425 542 «πολεμιώτατοι
442 464 487 525 καὶ
506 462 595 525 πόντα
611 465 800 533 θποπτιιίοντις
814 468 858 527 έπί
879 467 908 526 ιδ
920 479 981 550 χεῖ.
1028 496 1040 525 ι
1054 479 1141 543 rimus,
1163 484 1283 545 tanquam
1310 482 1468 537 intensissimi
1480 485 1572 548 ¹liostcs
1594 490 1677 543 omnia
1691 493 1720 545 in
1739 494 1812 558 peius

203 580 216 608 ιι
231 576 291 636 ρουρ
315 559 379 631 ἡμῖν
397 553 464 633 μὲν,
482 547 504 618 ὦ
523 554 647 632 δημόται,
665 563 718 621 τοῖς
740 558 769 614 ἐκ
785 561 829 614 τοῦ
847 561 981 640 συνεδρίου
1026 579 1224 640 osusplcmtes?
1249 578 1325 629 Nobis
1333 578 1433 642 quidem
1444 583 1610 648 senatoribus,
1621 588 1740 651 Quirites,
1761 603 1812 641 una
1849 569 1852 573 ⁴

203 671 216 699 ιι
231 646 280 724 μία
293 646 381 711 πίστις
394 643 508 724 ἀπόχρη,
521 643 582 723 περὶ
592 651 637 702 τοῦ
647 646 685 720 μὴ
701 646 732 703 ἄν
748 666 813 703 ποτε
828 648 896 723 ὑμᾶς
909 654 981 729 γενέ-
1028 688 1040 719 ι
1054 672 1117 724 tides
1134 674 1239 735 sullicit,
1252 688 1284 725 ne
1296 675 1318 725 si
1332 675 1358 725 in
1371 677 1476 740 patriam
1492 680 1600 733 redeatis
1612 692 1669 747 erga
1686 699 1733 736 nos
1747 688 1810 739 malt

202 761 216 786 ,
230 739 290 793 σὺ,
312 735 373 812 περὶ
396 737 466 809 ἡμᾶς
481 741 505 790 sl
528 733 680 792 κατελθοιεε
703 733 816 813 κακοὺς,
832 737 930 819 τρορᾶς
952 767 981 803 τι
1027 788 1040 811 ι,
1053 780 1102 818 non
1120 769 1184 831 sitis,
1205 770 1266 833 quia
1279 773 1337 821 nota
1352 771 1423 824 nobis
1437 775 1477 825 est
1494 778 1578 827 restra
1601 778 1664 831 bona
1676 781 1792 835 educatio

162 843 175 882 s
202 849 215 877 ιι
230 824 292 899 ὑμῖν
315 821 414 899 ipati<
440 820 569 879 συνειδόσι
594 819 640 879 καὶ
664 821 862 898 έπιτηδεόματα
881 825 981 906 νόμιμα
1123 834 1126 839 ’
1802 821 1810 846 ,

253 911 262 933 Ι
347 911 358 934 „
661 909 694 929 „
757 912 765 932 ‚
836 911 843 932 ,
1029 867 1080 916 oet
1101 866 1183 916 studia
1205 864 1326 931 legitima,
1348 872 1374 920 et
1391 872 1482 922 ceteras
1497 879 1587 924 vestrm
1603 876 1708 928 virtutes
1718 880 1811 944 sepius

202 938 216 966 ιι
228 936 277 983 τηυ
299 935 326 970 τε
341 911 425 980 αλλην
440 909 548 990 ἀρετὴν,
565 907 598 978 ἣν
610 912 736 977 πολλαιιις
751 911 922 981 απεδειξασθε
936 920 981 979 καὶ
1028 985 1040 1008 α
1056 967 1110 1016 tum
1126 979 1187 1029 pace
1206 969 1260 1017 tum
1280 966 1344 1019 beno
1363 967 1433 1020 nobis
1458 974 1543 1022 sums
1590 978 1648 1026 tm
1804 983 1809 991 ,

202 1000 357 1081 ιιάνεῖρήνη
375 998 421 1058 καὶ
431 998 501 1057 κατά
514 997 656 1075 πολέμους.
674 998 729 1058 Καὶ
744 999 770 1057 εί
781 1022 807 1056 τι
821 1001 854 1059 δι’
864 1003 980 1084 ἀνάγκην
1543 986 1589 1039 9⁰⁰
1651 1014 1657 1026 '
1691 978 1765 1035 Μ
1788 994 1811 1033 ⁸¹

202 1114 216 1142 ιι
230 1094 276 1161 τῆς
291 1090 404 1157 πίστεως
420 1089 464 1148 καί
480 1088 583 1154 ἐλπίδος
598 1085 632 1146 τὰ
647 1086 800 1164 συμόόλαια
813 1094 902 1164 κοινῆς
915 1095 981 1154 ἀπα·
1027 1080 1040 1106 “
1056 1066 1147 1128 prm
1160 1064 1234 1115 fidem
1248 1070 1274 1116 et
1290 1066 1424 1130 ⁸¹³⁰th
1443 1072 1514 1133 pm
1526 1074 1646 1124 mutanda
1665 1079 1748 1138 ‘mut'
1765 1091 1809 1129 ⁰⁰⁵

202 1205 216 1233 a
229 1180 377 1261 νορθώσεως
401 1180 494 1259 τύχω,
516 1177 549 1237 τὰ
568 1181 629 1254 γοῦν
652 1176 721 1234 ἄλλα
735 1176 894 1256 πιστεύω
919 1186 981 1259 ὑμῖν
1027 1178 1040 1204 ιι
1055 1163 1121 1211 certo
1130 1162 1246 1212 etcetera
1255 1162 1350 1213 bomin
1359 1163 1430 1214 uobis
1439 1165 1492 1216 tore
1501 1168 1637 1231 credimus,
1648 1173 1810 1237 necpetimus

148 1292 174 1332 ro
201 1295 214 1322 ι
230 1269 334 1331 έσεσθαι
347 1270 458 1349 ἀγαθοὺς
473 1269 519 1328 καὶ
534 1268 608 1330 οὐδέν
622 1265 733 1345 δεόμεθα
750 1265 810 1325 οὔτε
824 1264 908 1347 ὅρκων
921 1270 981 1331 οὗτε
1028 1272 1072 1309 “⁸
1092 1259 1163 1324 Ρίθθθ
1182 1263 1226 1312 “ut
1247 1260 1438 1324 imiumndum‘
1457 1267 1502 1315 *ωδ
1527 1265 1641 1333 ⁰b⁵ide⁵v
1666 1276 1709 1323 ²¹¹²
1731 1275 1808 1325 ”mm

201 1384 214 1410 ιι
229 1360 337 1437 ὁμήρων
351 1360 409 1420 οὔτε
424 1361 505 1430 ἄλλης
523 1357 636 1423 πίστεως
651 1354 724 1435 παρὰ
735 1359 783 1416 τοῦ
801 1354 917 1428 πλήθους
927 1362 980 1419 οὐ.
1028 1354 1128 1405 rdiam
1138 1355 1213 1407 fidem
1226 1377 1233 1407 ι
1246 1357 1319 1408 nullis
1328 1360 1413 1409 tamen
1423 1360 1511 1411 vestris
1520 1364 1651 1426 postulatis
1663 1367 1807 1420 adversabi-

201 1471 214 1497 ι
229 1449 336 1523 δεμιας·
352 1452 414 1525 ὑμῖν
442 1449 562 1525 μέντοιγε
577 1442 727 1526 πρδςοάδέν
742 1446 795 1502 τῶν
821 1442 980 1524 ἀξιουμένων
1030 1466 1119 1505 amur.
1152 1458 1189 1506 llc
1199 1455 1231 1506 de
1242 1455 1291 1508 tide
1307 1457 1418 1521 quidem,
1437 1463 1538 1526 propter
1555 1477 1633 1527 qnam
1651 1467 1744 1519 Brutus
1762 1482 1809 1521 nos

200 1561 214 1587 ιι
228 1537 481 1614 έναντιωθησόμεθα.
502 1537 555 1597 Καὶ
577 1535 638 1616 περὶ
661 1535 710 1612 μέν
731 1536 778 1606 τῆς
792 1533 916 1609 πίστεως,
938 1539 978 1620 ἀφ’
1028 1555 1200 1608 «calumniari
1219 1560 1259 1609 est
1282 1563 1395 1622 conatus,
1418 1561 1473 1613 bec
1489 1562 1625 1616 sufficiunt.
1661 1571 1694 1617 to
1719 1571 1741 1618 si
1759 1584 1809 1635 qua

201 1649 212 1675 ι
229 1612 407 1703 ᾗδιαὸάλλεεν
418 1630 489 1705 ἡμᾶς
503 1628 618 1707 Βροῦτος
636 1622 778 1703 ἕπῑχίῖρῑῑν
794 1628 977 1707 τάῧῑαίκαθᾶ·
1029 1673 1042 1699 ιι
1053 1654 1143 1707 iniusta
1158 1656 1250 1707 inuidia
1270 1657 1296 1707 in
1315 1658 1406 1710 restris
1422 1659 1510 1711 animis
1532 1663 1640 1727 residet,
1663 1678 1720 1728 quas
1736 1666 1808 1717 robis

200 1739 213 1763 “
226 1716 261 1774 Εἴ
275 1715 303 1773 δέ
325 1738 363 1781 ³²<
380 1719 441 1792 ὑμῖν
453 1713 543 1797 lom<
554 1714 584 1772 Οὐ
599 1714 698 1778 δίθαῑοέ
714 1710 858 1791 liffeim
876 1714 979 1793 πονηρέ
1030 1764 1043 1795 ι
1057 1746 1162 1798 suadeat
1181 1752 1209 1798 ut
1224 1748 1287 1799 male
1299 1748 1331 1799 de
1344 1754 1431 1802 senatu
1457 1751 1578 1819 sentiatis,
1595 1755 1650 1806 volo
1665 1758 1691 1806 et
1707 1756 1739 1807 ad
1753 1757 1808 1808 baec

200 1808 289 1887 ιπερὶ
312 1811 359 1879 τῆς
387 1810 483 1888 βουλῆς
514 1808 672 1867 διανοεῖσθαι
701 1804 817 1913 Ιπείθιονέ
848 1806 978 1885 βούλομαί
1028 1868 1041 1892 α
1055 1849 1438 1914 aliquidrespondeoefflffies’
1449 1853 1707 1919 &mmmmm
1726 1857 1809 1921 quiete

199 1900 347 1957 «τινακαὶ
369 1899 433 1978 πρὸς
454 1902 545 1957 τοῦτον
570 1898 652 1956 εἰπεῖν
676 1895 772 1972 λογον,
795 1918 817 1952 ω
843 1894 976 1971 δημόται,
1028 1969 1041 1994 (ί
1057 1953 1083 2000 οι
1097 1952 1190 2001 meme
1201 1950 1316 2002 audiatis·
1709 1895 1715 1919 '

199 2013 212 2039 ιι
228 1985 275 2045 καί
301 2011 351 2064 μου
371 1987 434 2067 πρὸς
461 1987 525 2045 θεῶν
540 1982 609 2063 μετόι
633 1982 745 2064 ἡσυχίας
775 1979 819 2040 καὶ
844 1987 978 2064 προσοχῆς

200 2102 213 2128 ιι
228 2072 368 2135 ἀκούσατε.

144 2188 173 2228 ευ
239 2166 399 2226 Lllltltlll.
417 2192 429 2218 ι
447 2155 542 2225 Ἐοικέ
558 2185 614 2230 πως
628 2161 781 2243 ἀνθρωπείῳ
803 2159 908 2238 σώματι
927 2163 978 2224 πό-

200 2281 212 2306 ιι
227 2253 277 2321 λις.
294 2252 423 2313 Σόνθετον
442 2253 492 2333 γὰρ
509 2255 539 2312 ἐκ
553 2252 658 2312 πολλῶν
683 2253 769 2331 μερῶν
793 2251 863 2309 έστιν
879 2250 977 2311 έκάτε-

198 2368 212 2395 ιι
226 2364 284 2419 ρον,
301 2342 346 2401 καί
362 2341 421 2400 οὔτε
442 2341 551 2420 δύναμιν
565 2339 621 2420 ίχει
634 2339 745 2400 ἕκαστον
759 2337 806 2411 τὴν
825 2338 907 2412 αὖε-δν
922 2344 975 2400 τῶν

198 2456 211 2482 ιι
225 2431 251 2488 ἀν
266 2431 352 2497 αὐτοῖς
368 2433 470 2511 μερῶν,
486 2429 545 2489 οὔτε
567 2427 658 2508 χρείας
680 2429 826 2508 παρέχεται
844 2424 891 2494 τδις
908 2426 977 2495 ίσας.

197 2546 210 2572 ιι
226 2521 259 2579 Et
271 2518 303 2591 δὴ
317 2518 396 2578 λοίόοι
413 2518 446 2578 τθ
461 2519 529 2600 μέρη
542 2523 589 2578 τοῦ
599 2517 760 2596 ἀνθρωπείου
770 2514 892 2594 σώματος
908 2517 975 2576 ἰδίαν

143 2630 169 2676 25
196 2634 209 2660 ιι
224 2606 346 2679 αἴσθησιν
367 2610 425 2667 καθ’
443 2606 511 2668 orbs&
531 2606 577 2668 καὶ
600 2605 706 2690 φωνὴν,
732 2607 824 2667 ἔπειτα
842 2605 933 2673 σταίσις
948 2612 973 2668 έν

196 2725 209 2750 ιι
223 2699 310 2764 αὐτοῖς
321 2696 433 2774 ἐμπέσοι
450 2697 510 2756 καθ’
525 2694 711 2778 θν-γενομένοις
721 2697 774 2763 τοῖς
788 2696 876 2762 ἄλλοις
889 2694 974 2756 ἅπασι

197 2813 209 2839 ιι
225 2786 288 2865 πρὸς
305 2786 352 2859 τλν
366 2787 482 2866 γαστέρα
510 2785 605 2863 μόνην,
631 2786 676 2843 καὶ
699 2784 798 2863 λε’γοιεν
812 2786 836 2842 οἱ
858 2782 906 2861 μέν
920 2785 974 2845 πό-

196 2900 209 2926 ιι
224 2874 285 2948 δας,
301 2872 341 2932 ὅτι
360 2885 412 2935 πᾶν
433 2876 476 2933 ἀπ’
501 2876 589 2942 αὐτοῖς
620 2873 750 2932 ἐπίκειται
775 2872 804 2931 τδ
830 2877 921 2950 σῶμα·
945 2876 972 2932 αἱ

195 2988 208 3013 ιι
224 2959 252 3020 δέ
272 2969 370 3040 χεῖρες,
397 2961 437 3021 ότι
456 2960 504 3029 τάς
526 2959 622 3040 τέχνας
641 2961 795 3041 έργοίζονται
820 2960 865 3018 καί
889 2962 972 3019 τάπι-

196 3076 208 3102 ιι
222 3048 313 3122 τήδεια
336 3052 501 3129 ἐκπορίζουσι
523 3050 568 3108 καὶ
591 3049 722 3128 μάχονται
750 3048 899 3124 πολεμίοις,
926 3050 971 3110 καὶ

195 3164 207 3188 ιι
223 3136 292 3194 ἄλλα
302 3137 388 3196 πολλὰ
400 3135 564 3218 ὠρελήματα
575 3136 735 3215 παρέχουσιν
753 3137 789 3201 εἷς
800 3134 829 3191 τδ
840 3134 934 3193 κοινόν·
946 3140 970 3196 οἱ

194 3253 207 3279 ιι
225 3224 252 3286 δέ
268 3215 349 3300 ὦμοι,
365 3225 405 3285 δτι
426 3223 459 3284 τδι
474 3225 544 3306 ἄχθη
559 3226 646 3286 ποίντα
665 3227 709 3284 ἐπ’
721 3225 808 3288 αὐτοῖς
823 3225 969 3302 κομίζεται·

195 3343 206 3367 ιι
222 3314 270 3394 [τὸ
285 3313 312 3372 δέ
328 3315 414 3391 στόμα
429 3312 468 3373 ότι
485 3312 644 3397 ρθέγγεται]
663 3319 680 3382 ἡ
701 3312 728 3372 δέ
739 3309 841 3393 κεφαλὴ
853 3359 862 3391 ,
873 3312 912 3371 ότι
923 3319 973 3397 δρᾷ

194 3431 207 3456 ιι
221 3403 266 3462 καί
290 3404 378 3463 ἀκούει
399 3404 443 3461 καὶ
465 3403 511 3468 τάς
537 3405 619 3470 ἄλλας
639 3403 770 3474 αἰσθήσεις
794 3401 972 3482 περιλαόοδσα

1058 2150 1186 2200 LllllltVl.
1200 2169 1213 2193 ι
1232 2149 1377 2215 Respublica
1388 2151 1571 2216 quodammodo
1587 2154 1697 2208 bumano
1711 2162 1809 2222 corpori

1028 2256 1041 2281 ι
1056 2237 1142 2287 similis
1149 2237 1255 2289 ridetur.
1263 2241 1401 2303 Utrumque
1408 2241 1476 2292 enim
1484 2243 1646 2307 compositum
1655 2248 1701 2307 est,
1711 2251 1737 2298 et
1750 2262 1807 2300 con·

1029 2347 1042 2371 ι
1055 2328 1105 2377 stat
1116 2340 1146 2377 er
1160 2326 1247 2378 multis
1262 2326 1391 2393 partibus,
1402 2342 1511 2396 quarm
1525 2330 1627 2394 singulae
1641 2347 1688 2389 nco
1703 2338 1807 2390 eandem

1029 2416 1104 2467 «vim
1113 2416 1213 2477 babent,
1227 2428 1272 2466 nec
1286 2429 1347 2466 usus
1361 2430 1433 2481 pares
1442 2418 1567 2473 exhibent.
1579 2421 1605 2471 Si
1615 2423 1690 2488 igitur
1702 2425 1808 2479 bumani

1029 2524 1041 2548 ι
1056 2505 1165 2567 corporis
1182 2506 1264 2567 partes
1274 2502 1379 2568 singulte
1394 2506 1521 2571 proprium
1531 2521 1631 2561 sensum
1645 2513 1671 2562 et
1683 2513 1807 2578 propriam

1027 2613 1040 2636 ι
1053 2605 1140 2642 uocem
1156 2593 1289 2656 separatim
1301 2591 1438 2657 accipiant,
1458 2595 1547 2648 deinde
1561 2601 1618 2651 orte
1633 2600 1697 2653 inter
1712 2617 1754 2654 eas
1766 2618 1808 2655 se-

1027 2700 1039 2725 ι
1054 2680 1148 2732 ditione
1161 2681 1262 2745 relique
1274 2694 1360 2732 omnes
1380 2687 1464 2746 partes
1478 2687 1619 2751 conspirent
1632 2693 1718 2741 contre
1732 2705 1809 2743 unum

1028 2773 1226 2831 «contremet
1244 2768 1319 2833 pedes
1332 2768 1417 2822 dicant
1437 2771 1487 2823 sibi
1506 2776 1587 2824 toturn
1611 2778 1721 2840 corporis
1743 2793 1807 2829 onus

1027 2857 1212 2920 «incumbere3
1230 2872 1320 2908 manus
1335 2872 1401 2919 vero,
1425 2873 1453 2912 se
1471 2861 1537 2911 artes
1559 2874 1682 2924 exercere,
1703 2868 1729 2914 ct
1750 2866 1806 2916 vic-

1026 2968 1038 2991 ι
1055 2950 1110 2998 tum
1119 2958 1272 3010 comparare,
1286 2950 1311 2998 et
1325 2961 1383 2998 cum
1400 2947 1512 3000 bostibus
1531 2960 1648 3012 pugnare,
1664 2953 1690 3001 et
1710 2953 1805 3005 multas

1027 3056 1039 3081 ιι
1056 3037 1115 3087 alias
1130 3034 1250 3085 utilitates
1267 3036 1431 3088 incommune
1442 3037 1760 3103 conterre3humerircro',
1778 3056 1806 3093 se

1027 3125 1136 3175 «omnia
1155 3137 1229 3174 onera
1246 3125 1326 3186 terre;
1342 3126 1430 3190 capnt,
1458 3137 1485 3175 se
1499 3124 1585 3176 uidere
1603 3128 1629 3176 et
1647 3126 1733 3178 audire
1750 3128 1806 3192 [os,

1027 3232 1039 3255 ι
1054 3211 1215 3287 εοέοαυίθμί
1228 3210 1336 3274 reliquos
1356 3224 1443 3262 omnes
1461 3225 1548 3263 sensus
1562 3212 1588 3262 in
1607 3225 1635 3263 se
1656 3214 1808 3279 complecti,

1026 3321 1038 3345 ι
1055 3300 1146 3364 quibus
1164 3299 1217 3362 ipsa
1236 3302 1346 3365 corporis
1367 3300 1514 3352 universitas
1529 3306 1705 3365 conservatum
1719 3303 1807 3356 deinde

1027 3412 1039 3434 ι
1053 3389 1132 3440 ventri
1143 3389 1229 3441 dicant
1240 3410 1246 3439 :
1257 3393 1295 3440 Τιι
1308 3405 1375 3452 reru,
1386 3391 1458 3451 bone,
1471 3392 1531 3455 quid
1544 3392 1633 3443 borum
1644 3393 1704 3443 lacis
1712 3398 1723 3444 i
1732 3407 1806 3456 quam

193 3518 207 3544 ιι
220 3489 307 3558 πόσας
332 3493 399 3574 ἔχει,
427 3491 460 3547 δι’
484 3480 521 3546 ιῖιν
546 3484 659 3555 σώζεται
682 3486 711 3544 τὸ
737 3495 807 3545 πᾶν·
829 3482 970 3575 εἷταραίεν

194 3608 206 3633 ιι
221 3579 285 3658 πρὸς
302 3577 350 3650 τὴν
369 3578 493 3656 γαστέρα·
512 3577 549 3639 Σὺ
574 3581 617 3651 δέ,
639 3572 661 3639 ὦ
689 3579 808 3658 χρηστὴ,
824 3579 850 3639 τί
872 3580 970 3641 τούτων

194 3696 206 3720 ιι
221 3675 317 3739 ποιεῖς,
336 3665 353 3739 ἢ
372 3666 410 3734 τίς
425 3668 495 3725 ἐστιν
514 3670 532 3736 ἡ
547 3665 580 3739 σὴ
596 3666 673 3746 χαίρις
698 3670 821 3741 ἡμῖνκαὶ
836 3669 969 3750 ὠρέλειας

194 3786 206 3809 ιι
221 3755 289 3814 ἀλλά
309 3754 341 3815 σιί
364 3778 394 3835 γε
407 3761 529 3815 τοσοῦτον
557 3755 665 3836 ἀπέχεις
680 3761 725 3814 τοῦ
741 3756 864 3835 πράττειν
879 3780 905 3815 τι
923 3759 968 3816 καί

1026 3500 1038 3522 ι
1053 3479 1156 3543 gretiam
1169 3479 1238 3529 nobis
1250 3481 1336 3539 refers,
1351 3483 1377 3530 et
1386 3480 1418 3530 ad
1429 3479 1488 3545 quid
1503 3481 1592 3544 prodes
1607 3483 1695 3532 icerte
1709 3484 1806 3533 tantum

1026 3587 1039 3611 ι
1056 3567 1126 3618 abest
1139 3572 1169 3617 ut
1184 3582 1228 3617 nos
1242 3566 1323 3630 eliqua
1336 3567 1360 3616 in
1378 3580 1406 3616 re
1415 3568 1488 3631 iures
1502 3568 1528 3618 et
1540 3568 1635 3632 aliquid
1655 3569 1681 3619 in
1694 3582 1806 3621 commu·

1028 3677 1040 3700 ιι
1055 3670 1111 3708 nem
1125 3657 1257 3708 utilitatem
1277 3656 1406 3718 conteras,
1421 3660 1449 3707 ut
1470 3658 1546 3708 etiam
1565 3659 1636 3709 nobis
1652 3659 1687 3710 sis
1701 3661 1805 3725 impedi-

1026 3772 1040 3796 ι
1056 3753 1138 3801 mento
1158 3752 1183 3798 et
1199 3746 1322 3808 negotium
1340 3746 1458 3807 lacessas,
1477 3746 1536 3810 quis
1553 3746 1620 3811 cogis
1632 3748 1671 3808 (id
1682 3750 1749 3811 qnod
1759 3751 1806 3800 mi-

1027 3839 1117 3888 «nime
1137 3836 1265 3886 terendum
1282 3834 1338 3896 est)
1359 3848 1404 3882 nos
1430 3833 1474 3884 tibi
1498 3833 1632 3896 inseruire,
1654 3836 1807 3899 standique

195 3872 207 3897 ιι
218 3850 409 3925 συγκατορθοῦν
424 3848 487 3922 ἡμῖν
505 3847 558 3903 τῶν
572 3849 645 3924 κοινῇ
664 3845 817 3924 χρησίμων,
841 3845 908 3903 ὥστε
923 3845 968 3903 καὶ

140 3953 167 3992 tc
194 3962 206 3985 ιι
222 3936 406 4015 ἀντιπράττεις
435 3936 481 3994 καί
500 3935 614 4013 ἐνοχλεῖς
639 3934 683 3993 καὶ
713 3942 824 4012 πρᾶγμα
843 3935 973 4012 ἀρόρητον

195 4047 207 4070 ιι
222 4024 359 4101 ὑπηρετεῖν
382 4022 537 4103 ἀναγκάζεις
561 4020 607 4081 καὶ
628 4020 713 4103 φέρειν
727 4020 919 4100 ἁπανταχόθεν,
936 4025 972 4089 εἰς

196 4137 208 4162 ιι
221 4110 267 4183 τὴν
283 4115 449 4193 έκπλήριιισιν
466 4119 518 4175 τῶν
538 4120 651 4188 σεαυτῆς
677 4117 828 4189 ἐπιθυμιῶν.
882 4114 973 4194 Φέρε,

195 4227 207 4252 ιι
221 4199 247 4257 τί
267 4203 295 4259 οὐ
313 4203 524 4280 μεταποιούμεθα
541 4209 587 4278 τῆς
609 4203 764 4284 ἐλευθερίας,
781 4203 826 4261 καλ
841 4207 894 4263 τῶν
907 4206 974 4262 πολ-

194 4316 207 4340 ιι
221 4290 274 4347 λῶν
302 4289 430 4371 ἀφιέμεθα
460 4298 669 4374 πραγματειῶν,
707 4292 737 4359 θς
768 4292 843 4350 ένεκα
877 4292 974 4363 ταύτης

1028 3946 1039 3968 ι
1054 3924 1198 3988 conquirere
1215 3937 1271 3986 quse
1285 3925 1342 3973 tuas
1356 3922 1504 3986 cupiditates
1526 3923 1646 3987 expleant.
1682 3924 1741 3986 Eia,
1761 3939 1807 3975 cur

1027 4036 1038 4061 ιι
1053 4032 1101 4068 non
1113 4017 1247 4068 asserimus
1260 4030 1305 4066 nos
1318 4015 1344 4064 in
1362 4013 1509 4076 libertatem,
1533 4019 1558 4066 et
1571 4019 1609 4066 tot
1623 4013 1742 4065 molestiis
1761 4029 1806 4067 nos

1026 4124 1038 4148 ι
1050 4105 1196 4163 liberamus,
1224 4116 1286 4166 quas
1301 4102 1374 4153 buius
1390 4101 1468 4165 gratia
1488 4102 1653 4166 perierimus?
1685 4104 1711 4154 sl
1732 4103 1807 4167 igitur

1027 4214 1040 4237 «
1055 4194 1109 4244 hunc
1119 4193 1178 4257 ipsis
1188 4193 1306 4257 placeant,
1324 4190 1423 4242 etnulla
1434 4191 1543 4254 corporis
1554 4204 1611 4254 pers
1620 4192 1724 4255 amplius
1733 4206 1806 4242 suum

1026 4307 1038 4330 ι
1054 4288 1127 4338 iaciat
1136 4286 1253 4344 officium,
1268 4283 1351 4333 tierine
1365 4282 1448 4347 potest
1461 4279 1511 4330 ullo
1524 4280 1599 4329 modo
1611 4284 1639 4330 ut
1649 4294 1737 4344 corpus
1747 4280 1805 4330 diu·

1026 4384 1101 4434 «tius
1112 4384 1194 4443 duret,
1218 4397 1247 4432 oe
1273 4396 1321 4431 non
1341 4380 1406 4429 intra
1421 4391 1513 4441 paitcos
1532 4377 1586 4426 dies
1601 4377 1708 4439 pessimo
1722 4378 1807 4427 mortis

141 4849 166 4887 δέ)

195 4405 206 4431 ιι
224 4379 400 4456 ὑπομένομευ;
423 4384 444 4440 εἷ
463 4383 494 4455 δὴ
517 4389 601 4442 ταῦτα
625 4384 719 4452 δόξειεν
744 4382 840 4452 αὐτοῖς,
860 4382 905 4440 καὶ
923 4406 974 4456 μη-

194 4494 207 4519 ιι
224 4468 264 4526 δέν
280 4469 318 4526 ἔτι
342 4469 411 4548 δρῴη
432 4472 461 4530 τὸ
486 4476 578 4534 ἑαυτοῦ
604 4474 695 4553 ἔργον,
712 4470 767 4529 ἔσθ’
785 4471 855 4538 θπυις
880 4470 912 4528 διν
932 4469 974 4529 έπί

194 4583 206 4607 ιι
221 4558 287 4615 πολὺ
313 4557 448 4635 διαρκέσαι
473 4561 591 4633 δυνηθείη
615 4563 645 4619 τδ
672 4563 766 4637 σῶμα,
793 4560 852 4617 ἀλλ’
877 4560 924 4617 οὐκ
942 4556 974 4615 διν

194 4673 206 4699 ιι
223 4647 293 4714 έντδς
312 4649 406 4724 ὀλίγων
423 4654 528 4728 ἡμερῶν
544 4655 582 4732 τῷ
595 4650 713 4733 κακίστῳ
734 4653 786 4707 τῶν
809 4646 897 4727 μόρων
911 4649 975 4703 ἀνα-

194 4763 207 4789 ιι
221 4736 334 4813 λωθείη,
350 4741 420 4817 λιμῷ
434 4763 441 4811 ;
464 4741 510 4797 οὐκ
532 4740 564 4799 ἀν
586 4742 642 4821 ἔχοι
659 4740 745 4806 ἄλλως
759 4762 797 4804 τις
814 4740 906 4796 εἰπεῖν.
920 4734 974 4796 Τὸν

194 4851 206 4878 ιι
222 4826 299 4885 αὐτὸν
328 4825 361 4899 δὴ
396 4827 492 4908 τρόπον
530 4830 677 4888 ὖπολάόετε
705 4826 750 4886 καί
778 4825 839 4902 περί
862 4822 972 4891 πόλεως.

194 4939 207 4965 ιι
222 4916 314 4976 Πολλὰ
334 4915 384 4998 γάρ
402 4916 434 4991 δὴ
459 4916 492 4977 rt
508 4921 715 5005 συμπληροῒιντα
730 4919 776 4975 καὶ
800 4913 899 4987 ταότην
914 4912 974 4985 ἔθνη

199 5024 210 5051 ιι
229 5003 274 5058 καὶ
293 5003 365 5061 οὐδὲν
379 5004 503 5075 ἀλλήλοις
523 5003 639 5074 ἐοικότα,
657 4997 692 5060 ὧν
712 5001 821 5060 ἕκαστον
839 5003 906 5062 ἰδίαν
920 5004 978 5062 τινὰ

198 5113 210 5138 ι
233 5090 270 5164 τῷ
279 5096 357 5171 κοινῷ
369 5093 476 5170 χρείαν,
490 5091 579 5168 ὥσπερ
590 5089 622 5147 τά
638 5088 706 5165 μέλη
715 5093 753 5170 τῷ
767 5088 882 5166 σώματι,
894 5091 977 5173 παρέ·

1026 4486 1147 4537 «genere,
1174 4471 1251 4527 sume,
1280 4468 1458 4519 consumatur?
1506 4465 1595 4516 Nullus
1610 4469 1679 4514 certe
1702 4468 1740 4514 est
1764 4465 1807 4527 qui

1024 4589 1036 4612 ι
1050 4567 1127 4634 possit
1141 4567 1212 4618 aliter
1224 4567 1314 4617 dicere.
1349 4567 1442 4616 Eodem
1455 4577 1514 4615 sane
1532 4562 1606 4613 modo
1622 4565 1647 4614 et
1661 4562 1691 4613 de
1707 4562 1807 4612 civitate

1024 4681 1035 4703 ι
1049 4657 1166 4710 sentiatis.
1203 4660 1263 4707 Nem
1283 4660 1308 4706 et
1323 4657 1377 4706 limo
1400 4668 1498 4719 quoque
1520 4656 1617 4703 constat
1640 4668 1667 4704 er
1687 4652 1770 4703 multis
1783 4656 1808 4704 et

1021 4767 1035 4792 ι
1050 4747 1211 4798 dissimilibus
1223 4745 1359 4806 ordinibus,
1376 4757 1483 4807 quarum
1501 4756 1660 4807 unaquoque
1678 4744 1807 4807 proprium

1024 4855 1037 4880 ι
1051 4833 1159 4898 aliquem
1178 4833 1318 4898 reipublice
1331 4847 1403 4882 usum
1427 4830 1536 4894 probet,
1564 4834 1590 4882 ut
1617 4831 1729 4882 membra
1750 4843 1805 4879 cor-

1024 4942 1037 4967 ι
1052 4921 1114 4986 pori.
1148 4920 1194 4970 Alii
1213 4920 1277 4970 enim
1292 4933 1362 4983 agros
1376 4918 1474 4975 colunt,
1496 4918 1536 4968 alii
1558 4932 1601 4983 pro
1615 4919 1675 4983 ipsis
1697 4922 1807 4980 puguant

1024 5033 1037 5057 ι
1053 5025 1109 5062 cum
1138 5008 1262 5067 hostibus;
1288 5007 1329 5057 olii
1359 5009 1523 5056 mercaturam
1546 5009 1703 5065 exercentes,
1726 5005 1807 5056 multa

1023 5118 1035 5143 ιι
1049 5098 1178 5149 commoda
1191 5096 1332 5160 reipublicae
1346 5108 1377 5144 ex
1389 5095 1451 5144 muri
1463 5095 1581 5153 attemnt,
1597 5095 1636 5144 alii
1652 5094 1806 5144 necessarias

200 5197 319 5254 ιχεται.
363 5180 397 5237 0t
418 5180 464 5253 μὲν
477 5179 528 5257 γδιρ
543 5174 602 5242 τοὺς
618 5175 712 5256 ἀγροὺς
724 5183 895 5259 γεωργοῦσιν,
912 5184 936 5240 οἱ
951 5182 977 5240 δὲ
1022 5207 1035 5234 ι
1049 5190 1116 5240 artes
1128 5190 1243 5241 exercent
1284 5185 1358 5246 Quod
1375 5185 1396 5236 si
1410 5198 1495 5237 omnes
1511 5186 1550 5235 liis
1568 5184 1664 5235 ordines
1687 5185 1713 5233 in
1731 5199 1804 5236 sene·
