3772 5828
652 280 943 389 rarissimum
966 315 1112 377 uuonan.
1134 270 1204 380 nnn.
1230 319 1281 381 rx.

148 449 213 515 ζῶσι
229 447 346 526 μάλιστα
360 445 383 505 δ’
398 445 489 527 ίκείνιμ
510 448 547 527 τῷ
563 447 637 526 ἀνδρί
652 447 744 507 πενίαν
759 447 925 528 κληρονομή·

151 563 225 599 σαντι
247 540 321 620 παρὰ
336 543 382 599 τοῦ
402 539 501 619 πατρὸς
523 539 602 621 ἀρυίς
617 530 649 612 ἦν
668 541 713 599 καὶ
735 539 818 620 βαρθ,
839 544 925 621 δισχι·

150 628 213 687 λίων
237 629 346 709 ἀριθμός
370 627 517 707 ἀσσαρίων.
578 619 633 689 Ἦν
659 632 681 688 δ’
708 629 836 703 ἀσσάριον
866 631 925 689 τότε

147 715 258 794 χάλκεον
280 715 409 794 νόμισμα,
433 717 512 797 βάρος
530 720 668 800 λιτριαῖον,
687 719 755 780 ὥστε
772 721 802 780 ri
820 721 929 800 σύμπαν

108 827 120 862 s
147 807 255 886 όρλημα
269 806 406 865 ταλάντων
420 807 561 867 ίκκαίδεκα
578 810 615 876 είς
631 809 712 880 ὁλκὴν
731 812 835 888 χαλκοῦ
856 813 927 889 γινέ-

147 899 219 954 σθαι.
234 897 288 954 Και
304 897 374 954 τοῦτ’
391 893 622 976 inteteressem
638 905 691 964 τοῖς
703 900 928 977 υόσεανθρώποις,

149 982 195 1042 καλ
211 982 446 1063 ἐπανορθώσασθαι
466 981 621 1060 βουλόμενοι
637 981 719 1061 αὐτδ,
735 987 781 1052 τάς
796 985 844 1060 μίν
860 1007 927 1064 χρη·

151 1072 267 1147 ματικάς
282 1072 401 1131 ίπαυσαν
422 1071 532 1147 ζημίας,
547 1071 712 1149 μετήνεγκαν
727 1073 751 1131 δ’
769 1076 805 1141 είς
827 1071 927 1152 προόά-

149 1184 201 1217 των
214 1159 362 1236 ἐκτίσματα
375 1158 420 1217 καλ
440 1162 524 1239 βοών,
538 1159 662 1229 τάξαντες
677 1159 724 1218 καί
738 1160 836 1221 τούτων
850 1161 927 1240 ἀριθ-

103 1274 123 1309 ,o
151 1249 200 1321 μὸν
213 1256 271 1315 ταῖς
291 1249 404 1328 ὕστερον
421 1249 557 1324 ίσομέναις
578 1246 628 1308 ὐπδ
647 1251 699 1306 τῶν
723 1249 857 1328 ἀρχόντων
874 1255 928 1313 τοῖς

150 1335 264 1402 ἰδιώταις
285 1335 431 1402 έπιόολαίς.
474 1335 526 1397 Ἐκ
543 1336 570 1394 δὲ
589 1341 636 1406 τῆς
656 1335 789 1407 Μενηνίου
812 1334 925 1396 καταδί-

148 1449 197 1495 κης
212 1423 333 1504 ἀρορμὴν
352 1417 425 1492 αὐθις
440 1424 582 1507 εἰλήφεσαν
604 1426 629 1484 οἱ
644 1422 780 1504 πατρίκιοι
800 1429 847 1496 τῆς
863 1425 928 1504 πρὸς

149 1513 178 1571 τὸ
192 1513 334 1588 δημοτικόν
358 1516 456 1592 ἀργῆς,
472 1514 517 1573 καί
535 1514 595 1573 οὐτε
611 1512 658 1586 τὴν
674 1512 852 1593 κληρουρχίαν
867 1514 928 1572 ἀπέ-

149 1624 246 1679 τρεπον
266 1601 304 1659 ἔτι
319 1603 392 1681 αὐτῷ
407 1606 551 1674 ποιεῖσθαι,
568 1600 623 1661 οὔτ’
639 1600 699 1660 ἀλλ’
716 1599 852 1660 έδοόλοντο
864 1600 928 1659 ένδι·

107 1706 120 1744 ε
148 1687 220 1746 δόναι
237 1689 356 1764 μαλακὸν
379 1688 463 1749 οὐδέν.
482 1691 549 1750 Μετ’
566 1691 596 1750 οὐ
611 1690 675 1749 πολύ
690 1693 717 1752 δὲ
734 1693 833 1773 καὶτῷ
849 1694 927 1776 δήμῳ

146 1777 276 1851 μετέμελε
298 1783 350 1836 τῶν
378 1779 588 1856 δεδικασμένων,
618 1780 710 1852 ἐπειδή
735 1781 782 1854 τὴν
803 1785 928 1856 τελευτὴν

148 1871 193 1924 τοῦ
209 1865 302 1944 ἀνδρὸς
317 1864 444 1926 ἐπύθετο·
464 1865 521 1925 otti
535 1864 587 1944 γάρ
603 1867 638 1931 είς
653 1866 798 1945 ἀνθρώπων
824 1863 864 1924 ίτι
878 1888 927 1925 συ-

150 1959 242 2025 νῆλθεν
265 1954 383 2032 ὁμιλίας,
404 1954 460 2016 οὐδ’
482 1956 509 2014 έν
533 1953 653 2036 δημοσίῳ
676 1952 806 2034 τενίπρδς
828 1954 929 2035 οὐδενός

151 2043 225 2124 ὤρθη
239 2043 323 2125 τόπῳ.
373 2043 449 2114 Ἐξύν
463 2043 486 2103 τ’
507 2045 578 2122 αὐτῷ
602 2044 651 2116 τὴν
672 2040 769 2120 ζημίαν
796 2042 929 2105 ἐκτίσαντι

102 2174 124 2211 ,0
152 2133 262 2210 μηδενὸς
276 2131 471 2195 ἀπελαύνεσθαι
487 2136 539 2191 τῶν
555 2135 663 2193 κοινῶν·
679 2129 777 2208 ἕτοιμοι
793 2130 844 2211 γάρ
860 2125 928 2204 ἦσαν

151 2221 198 2279 οὐκ
211 2220 295 2299 ὀλίγοι
304 2224 357 2281 τῶν
372 2220 527 2295 ἀπιτηδείων
541 2221 621 2281 αὐτοῦ
634 2220 683 2293 τὴν
702 2221 848 2295 καταδίκην
861 2227 930 2282 ἀπα-

152 2313 268 2387 ριθμεῖν·
283 2312 331 2370 οὐκ
351 2308 481 2381 ἠξίωσεν,
503 2307 572 2369 ἀλλά
593 2308 706 2369 θανάτου
726 2309 775 2381 'ria
790 2310 929 2391 συμφοράν

150 2397 329 2475 τιμησάμενος
343 2398 409 2458 οίκοι
419 2398 504 2478 μένων
514 2400 561 2458 καί
580 2397 672 2457 οὐδίνα
686 2398 865 2479 προσιέμενος,
880 2400 931 2460 ὐπό

152 2491 176 2543 τ’
192 2488 303 2563 ἀθυμίας
326 2486 371 2546 καὶ
390 2488 469 2546 σίτων
486 2489 585 2566 ἀποχῆς
601 2486 745 2568 μαρανθείς
766 2486 870 2560 ἀπέστη
885 2496 931 2549 τοῦ

103 2621 126 2658 ,ὃ
155 2573 224 2652 βίον.
271 2573 325 2634 Καὶ
336 2573 371 2633 τά
386 2573 434 2649 μὲν
454 2577 480 2632 ἐν
495 2574 580 2654 τούτῳ
595 2572 749 2656 πραχθέντα
763 2576 803 2655 τῷ
818 2575 931 2658 ίνιαυτῷ

154 2661 241 2721 τοιάδε
255 2652 297 2732 ἦν.

194 2749 327 2810 ΧΧλίΙΙΙ.
350 2747 471 2809 Ποπλίου
491 2749 518 2808 δὲ
536 2749 685 2830 Οὐαλερίου
707 2749 865 2811 Ποπλικόλα
886 2751 932 2812 καί

155 2834 237 2900 Γαίου
262 2836 380 2898 Ναυτίου
404 2835 615 2917 παραλαόόντων
643 2836 691 2910 τὴν
718 2840 818 2920 ἀρχὴν,
848 2837 932 2922 tropo<

153 2927 220 3006 ἀνὴρ
241 2927 322 2986 πάλιν
345 2928 398 2986 τῶν
423 2924 569 3007 πατρικίων
594 2925 718 3007 Σερούϊος
738 2922 933 3004 Σερουίλιος,δ

103 3047 128 3087 ³0
153 3020 191 3097 τῷ
205 3015 360 3097 παρελθόντι
374 3014 526 3085 ὑπατεύσας
540 3014 612 3093 ίτει,
626 3017 685 3094 μετ’
705 3018 735 3077 οὐ
757 3016 840 3076 πολύν
852 3015 869 3090 ἢ
883 3020 932 3090 τήν

154 3106 239 3186 ἀρχὴν
258 3103 402 3165 ἀποθέσθαι
430 3103 536 3184 χρόνον,
555 3106 591 3173 εἰς
614 3104 660 3164 τὸν
684 3103 751 3186 θπδρ
772 3108 819 3178 τῆς
844 3107 932 3188 ψυχῆς

155 3197 245 3272 ἀγῶνα
257 3193 338 3273 ἤχθη.
375 3194 411 3253 οί
423 3191 451 3252 δί
462 3191 599 3274 προθέντες
613 3195 686 3274 αὐτῷ
701 3193 748 3264 τὴν
762 3193 842 3273 ἀντῷ
856 3195 933 3275 δήμῳ

155 3282 229 3353 δίκην
252 3280 297 3340 δύο
316 3284 368 3340 τῶν
391 3280 538 3361 δημάρχων
557 3270 642 3355 ἦσαν,
662 3280 774 3350 Λεύκιος
797 3281 934 3351 Καιδίκιος

155 3370 200 3428 καί
223 3372 300 3435 Tarae
326 3366 453 3443 Στάτιος,
480 3372 527 3429 οὐκ
551 3367 729 3446 ἀδικήματος,
755 3367 825 3430 ἀλλά
848 3369 932 3451 τύχης

117 3484 129 3519 s
156 3459 326 3522 ἀπαιτοῦντες
350 3456 448 3535 λόγον,
469 3453 510 3515 ὅτι
534 3457 603 3516 κατά
626 3455 674 3528 τὴν
691 3455 756 3536 πρδς
782 3457 934 3537 Τυρρηνοὺς

156 3546 247 3624 μάχην
269 3544 404 3620 ὀισάμενος
427 3544 472 3604 ἐπί
492 3544 537 3604 τδν
552 3544 661 3625 χάρακα
675 3551 727 3606 τῶν
749 3545 898 3623 πολιμίων,
920 3549 934 3605 ὁ

156 3632 223 3709 ἀνὴρ
238 3632 397 3711 θρασύτερον
417 3631 550 3709 palliavi
570 3632 765 3715 φρονιμώτερον
780 3630 893 3713 ίδιώχθη
905 3658 934 3694 τι

157 3718 209 3777 ὑπὸ
219 3721 271 3776 τῶν
287 3719 358 3778 ἔνδον
376 3719 477 3797 ἀθρόων
490 3719 689 3796 ίπεὶελθύντων,
703 3720 750 3782 καλ
763 3719 811 3794 τὴν
824 3722 935 3800 κρατίσ-

156 3831 205 3879 την
229 3807 340 3878 νεότητα
364 3805 509 3872 ἀπέόαλεν.
559 3801 645 3878 Οὐτος
668 3814 683 3870 b
710 3809 781 3890 ἀγών
809 3809 935 3871 ἀπάντων

157 3897 239 3978 έράνη
260 3905 313 3963 τοῖς
334 3896 481 3978 πατρικίοις
504 3897 613 3978 ἀγώνοιν
634 3898 793 3981 βαρύτατος,
815 3901 934 3979 ἠγανάκ·

157 4010 216 4046 rear
227 4011 256 4045 τε
271 3987 400 4055 συνιόντες
410 3988 475 4067 πρὸς
490 3987 619 4059 ἀλλήλους
633 3987 679 4048 καὶ
694 3989 776 4048 δεινὸν
789 3991 934 4063 ε’ποιούντο,

157 4079 181 4135 εί
197 4075 242 4145 εδις
258 4076 398 4156 εὐτολμίας
413 4080 464 4138 τῶν
484 4079 637 4159 στρατηγῶν
654 4077 700 4138 καί
716 4077 746 4138 τδ
761 4076 861 4157 μηδένα
877 4079 935 4139 κίν-

157 4169 231 4227 δυνον
245 4168 344 4241 ὀκνεῖν,
360 4166 405 4227 liv
418 4169 560 4241 ἐναντιωθῇ
580 4175 638 4236 ταῖς
655 4168 791 4234 ίπιόολαῑς
806 4168 937 4229 αὐτῶντὸ

157 4256 303 4335 δαιμόνιον,
317 4258 353 4326 τίς
362 4255 523 4338 κατηγορίαν
535 4254 640 4326 ἀξουσιν
652 4260 676 4317 οἱ
690 4257 729 4337 μὴ
740 4255 850 4324 στάντας
861 4257 937 4341 παρά

120 4362 132 4396 s
159 4341 192 4397 τὰ
205 4342 291 4399 δεινά·
305 4342 403 4412 δειλίας
414 4368 444 4403 τι
462 4346 507 4406 καί
517 4346 596 4408 ἀκνου
610 4348 656 4409 καλ
671 4355 718 4410 τοῦ
733 4350 816 4424 μηδὲν
831 4351 870 4411 ίτι
882 4376 942 4413 και-

159 4438 272 4507 νουργεῖν
293 4430 352 4499 τοὺς
368 4434 511 4512 ἡγεμόνας,
529 4439 563 4518 tp
581 4428 619 4498 ὐν
635 4439 769 4519 ἐλευθερία
780 4462 808 4498 τι
823 4443 939 4502 ἀπόλλυ-

158 4540 203 4574 ται
222 4520 267 4575 καί
287 4523 414 4600 ἡγεμονία
439 4525 619 4596 καταλύιται,
642 4524 702 4593 τούς
723 4526 854 4596 τοιούτους
872 4535 942 4601 ἀγῶ-

158 4631 204 4673 νας
220 4609 316 4676 αίτίους
339 4610 445 4673 ἔσεσθαι
460 4608 529 4670 κατά
547 4608 579 4670 εδ
593 4609 661 4678 etat<
676 4609 831 4690 ἀλογίζοντυ.
876 4616 936 4676 Πα-

162 4694 288 4773 psalten
317 4721 345 4756 τι
367 4701 453 4778 πολλῇ
483 4701 601 4779 ίχρῶντυ
630 4702 684 4758 τῶν
704 4700 855 4774 δημοτικῶν
896 4701 934 4781 μὴ

103 4816 114 4851 ς,
158 4785 325 4858 καταγνῶναι
346 4793 393 4847 τοῦ
416 4785 507 4867 ἀνδρδς
525 4784 574 4858 τὴν
598 4786 692 4863 δίκην,
716 4787 883 4857 διδάσκοντες
901 4793 937 4859 ὡς

158 4868 262 4948 μεγάλα
287 4871 417 4953 βλάψουσι
431 4874 479 4946 τὴν
500 4876 575 4935 πολιν
595 4875 638 4937 teri
657 4877 715 4945 ταῖς
734 4877 856 4959 ἀτυχίαις
877 4879 937 4949 τούς

157 4963 320 5045 στρατηγοὺς
343 4970 504 5045 ζημιοῦντας.
554 4971 633 5033 Ἐπεί
661 4970 690 5031 dd
719 4974 802 5033 θτοθ
838 4975 936 5052 ἀγῶνος

157 5053 249 5125 ἀνέστη
268 5052 380 5132 χρόνος,
397 5055 534 5136 παρελθὼν
544 5048 580 5128 είς
595 5061 647 5118 τῶν
663 5060 809 5141 δημάρχων
824 5061 937 5138 κατηγό·

239 5252 344 5290 blonlstt

1696 329 1757 390 5ιύ

981 455 1086 517 libralis,
1105 457 1141 508 ita
1155 462 1184 509 ut
1201 463 1252 510 tota
1275 460 1370 511 mulcta
1385 463 1494 527 pondere
1512 479 1558 515 nuo
1572 467 1698 520 sexdecim
1718 476 1755 523 ta·

980 564 1047 616 lenta
1058 567 1124 618 aeris
1136 568 1276 620 conficeret.
1310 569 1389 635 ldque
1407 585 1437 622 eo
1455 572 1540 623 seculo
1554 574 1706 630 invidiosum
1719 582 1757 632 ri·

980 677 1107 729 debatur:
1129 692 1206 744 quem
1223 694 1319 730 morem
1338 695 1397 732 cum
1415 682 1511 733 vellent
1529 687 1667 751 corrigere,
1682 703 1758 754 pecu·

982 791 1072 842 niarias
1095 792 1203 845 mulctas
1226 796 1390 859 abrogarunt,
1407 811 1498 862 easque
1519 801 1550 850 ad
1574 804 1660 854 orium
1683 810 1759 872 atque

981 903 1056 954 boum
1071 904 1178 955 mulctas
1191 907 1383 970 transtulerunt,
1396 913 1492 960 statuto
1502 914 1577 964 etiam
1588 917 1678 969 borum
1691 924 1759 970 certo

982 1030 1085 1067 numero
1101 1017 1127 1068 in
1154 1018 1270 1080 mulctis,
1296 1035 1361 1085 quas
1387 1024 1548 1087 magistratus
1574 1029 1599 1080 iu
1631 1038 1757 1096 presterum

985 1128 1090 1192 priuatis
1108 1129 1249 1182 huminibus
1266 1132 1400 1197 irrogaturi
1414 1143 1508 1188 essent.
1542 1142 1580 1192 0b
1596 1144 1660 1196 hauc
1673 1153 1758 1201 autem

983 1240 1087 1290 blenenii
1112 1239 1297 1292 damnationem
1315 1243 1413 1307 patricii
1448 1262 1535 1300 rursus
1553 1257 1639 1318 contra
1661 1257 1757 1321 plebem

985 1358 1124 1423 exasperati
1140 1362 1212 1420 sunt,
1227 1373 1272 1410 nec
1286 1361 1393 1425 amplius
1409 1376 1497 1427 agrum
1508 1364 1531 1415 ei
1540 1365 1620 1418 dividi
1629 1372 1758 1433 permitte·

985 1470 1060 1529 baut,
1079 1485 1124 1521 uec
1136 1470 1189 1522 utta
1205 1470 1254 1522 alia
1264 1472 1289 1522 in
1308 1488 1335 1523 re
1351 1474 1374 1524 ei
1391 1474 1478 1527 cedere
1489 1477 1614 1531 volebant.
1649 1484 1698 1535 sed
1710 1500 1759 1538 uon

983 1577 1066 1628 multo
1082 1580 1138 1642 post
1156 1577 1236 1642 ipsam
1256 1592 1357 1644 quoque
1379 1581 1477 1645 plebem
1495 1585 1548 1636 eius
1567 1588 1700 1653 poenituit,
1716 1593 1760 1645 ubi

985 1693 1055 1744 illins
1069 1693 1220 1743 ririobitum
1235 1695 1356 1757 cognorit.
1391 1699 1442 1746 ileo
1460 1699 1526 1748 enim
1540 1701 1668 1755 bominum
1679 1712 1759 1760 ooetus

958 1835 962 1851 .
983 1803 1092 1869 amplius
1113 1801 1294 1868 frequentavit,
1310 1817 1355 1852 uec
1366 1803 1392 1853 in
1405 1805 1458 1854 ullo
1479 1808 1578 1871 publico
1598 1811 1653 1864 loco
1667 1830 1682 1866 a
1694 1831 1758 1882 quo·

983 1934 1059 1986 quam
1070 1921 1108 1970 est
1129 1919 1287 1980 conspectus.
1303 1917 1350 1974 Et,
1364 1929 1421 1966 cum
1431 1921 1516 1982 posset
1531 1924 1655 1984 persoluta
1666 1930 1760 1982 mulcta

988 2041 1003 2078 a
1021 2024 1099 2077 nullis
1120 2023 1227 2090 publicis
1248 2023 1392 2073 muneribus
1410 2025 1502 2091 areeri,
1520 2027 1583 2089 (non
1601 2034 1674 2095 pauci
1695 2038 1760 2090 enim

985 2140 1040 2192 eius
1052 2135 1182 2189 necessarii
1195 2135 1324 2200 pecuniam
1342 2135 1439 2186 solvere
1456 2139 1538 2201 parati
1556 2120 1652 2207 aranti
1662 2146 1709 2198 hoc
1722 2147 1763 2200 ia.

985 2273 1040 2311 cere
1052 2254 1191 2313 noluissed
1203 2269 1259 2305 eam
1273 2253 1441 2306 calamitatem
1451 2262 1531 2310 morte
1544 2261 1680 2329 aestimans,
1693 2267 1761 2322 dumi

987 2383 1013 2419 se
1032 2364 1169 2423 abstinuit,
1188 2367 1213 2414 et
1226 2363 1349 2414 neminem
1366 2363 1514 2429 admittens,
1531 2382 1634 2423 murore
1646 2378 1671 2424 et
1681 2376 1763 2430 inedia

986 2473 1193 2535 collabefactus,
1210 2471 1262 2522 rita
1281 2471 1397 2523 excessit.
1432 2475 1513 2538 Atque
1530 2476 1585 2527 haec
1600 2481 1703 2544 quidem
1716 2485 1763 2536 hoc

986 2591 1050 2630 anuo
1062 2578 1121 2626 sunt
1138 2577 1216 2638 gesta.

1019 2795 1129 2844 lllll'lll.
1152 2795 1177 2843 Ρ.
1205 2792 1304 2841 Valerio
1316 2791 1442 2856 Poplicola
1457 2794 1484 2843 et
1502 2793 1530 2846 (t.
1551 2795 1643 2846 Nautio
1654 2799 1766 2853 consuli-

988 2893 1035 2944 bua
1051 2904 1139 2941 rursus
1152 2889 1216 2940 alius
1232 2888 1271 2939 vir
1280 2888 1374 2939 ordinis
1388 2888 1500 2954 patricii,
1515 2895 1557 2957 sp.
1572 2894 1706 2954 Servilius,
1722 2897 1766 2961 qui

989 2989 1191 3055 superintensae
1201 2986 1287 3038 consul
1299 2985 1392 3046 iuerat,
1408 3001 1457 3040 nou
1468 2989 1550 3040 multo
1562 2994 1617 3055 post
1626 2991 1766 3056 depositum

989 3082 1172 3147 magistratum,
1187 3093 1245 3130 reus
1256 3078 1345 3143 capitis
1359 3083 1488 3131 actusest.
1501 3083 1557 3131 Duo
1567 3085 1651 3131 autem
1664 3083 1765 3142 tribuni,
1813 3066 1816 3073 ’

991 3174 1083 3225 Lucius
1106 3172 1229 3224 (iudicine
1252 3174 1278 3222 et
1291 3174 1320 3222 T.
1340 3172 1449 3231 Statius,
1471 3173 1494 3223 ei
1510 3173 1575 3224 diem
1590 3174 1722 3233 dixerunt,
1738 3179 1768 3227 ut

991 3267 1022 3317 ad
1035 3279 1148 3318 caussam
1159 3264 1289 3315 dicendam
1302 3263 1368 3328 apud
1381 3264 1477 3329 plebem
1487 3265 1591 3327 reniret,
1604 3281 1651 3316 non
1664 3267 1768 3331 adonius

990 3355 1091 3414 delicti,
1108 3353 1151 3404 sed
1173 3350 1301 3402 infortunii
1320 3353 1442 3404 rationem
1461 3353 1599 3418 exigentem
1614 3353 1697 3419 quod.
1711 3369 1768 3411 cum

990 3449 1017 3499 in
1036 3447 1122 3513 proelio
1141 3449 1228 3495 contra
1251 3446 1371 3495 Etruscos
1383 3444 1504 3496 audacius
1523 3461 1600 3511 quam
1620 3447 1769 3512 prudentius

993 3540 1026 3592 ad
1047 3539 1154 3590 bostium
1168 3541 1252 3587 castra
1275 3537 1448 3602 processisset,
1468 3539 1559 3598 abiis,
1579 3541 1625 3605 qui
1641 3540 1667 3590 in
1681 3542 1770 3595 castris

993 3636 1064 3684 eraut
1077 3631 1169 3695 stipato
1181 3628 1277 3694 agmine
1290 3628 1429 3693 irruptione
1441 3628 1508 3681 lacta
1522 3631 1638 3695 repulsus
1651 3637 1729 3692 esset.
1743 3640 1768 3686 et

993 3723 1151 3776 lectissimam
1160 3723 1319 3787 juventutem
1337 3722 1470 3773 amisisset.
1486 3725 1539 3774 lloc
1550 3728 1676 3777 certamen
1691 3727 1770 3791 patri·

992 3818 1037 3869 ciis
1050 3816 1161 3868 omnium
1187 3815 1355 3880 periculorum
1380 3815 1558 3878 gravissumum
1577 3821 1616 3869 est
1629 3817 1727 3879 risum,
1745 3824 1768 3870 et

992 3915 1110 3963 coeuntes
1128 3912 1194 3962 inter
1208 3924 1236 3961 se
1246 3909 1446 3974 indignabantur,
1461 3924 1565 3977 remque
1576 3926 1625 3962 uon
1643 3912 1769 3969 ferendam

992 4005 1181 4066 essedirebant,
1197 4006 1217 4056 si
1232 4004 1325 4055 ducum
1339 4003 1468 4055 audaciam
1481 4007 1507 4055 et
1516 4002 1708 4067 tortitudinem,
1722 4021 1770 4056 uu·

992 4103 1059 4153 mine
1070 4099 1179 4152 nonsibis
1192 4112 1280 4150 eoram
1293 4098 1454 4159 adversante,
1470 4096 1497 4155 ii,
1516 4098 1560 4162 qui
1581 4097 1641 4162 ipsis
1654 4099 1772 4163 periculis

993 4210 1042 4246 non
1058 4193 1242 4255 interfuissent,
1262 4195 1416 4243 accusarent.
1442 4193 1475 4241 st
1493 4191 1597 4256 ignauiae
1614 4191 1770 4259 pigritiaque

992 4291 1085 4342 ducum
1098 4304 1214 4348 auorum,
1232 4287 1341 4338 cohibita
1358 4286 1382 4337 iu
1403 4289 1531 4350 posterum
1545 4285 1648 4336 audacia
1663 4287 1689 4337 in
1700 4287 1774 4339 novis

992 4384 1102 4445 consiliis
1117 4382 1287 4448 excogitandis
1306 4382 1412 4433 obnoxia
1431 4379 1484 4432 iore
1502 4381 1561 4431 talia
1575 4381 1723 4440 certamina,
1746 4388 1776 4434 et

992 4479 1116 4534 libertatis
1124 4479 1253 4529 interitum
1272 4477 1419 4542 imperiique
1434 4476 1589 4527 eversionem
1602 4477 1710 4526 allatura
1722 4487 1782 4526 esse

993 4574 1061 4626 haud
1072 4572 1269 4639 improbabiliter
1281 4569 1451 4634 conjiciebant.
1482 4572 1565 4628 Quare
1574 4569 1671 4633 plebem
1682 4569 1769 4632 depre-

993 4673 1162 4731 cabastense
1177 4671 1307 4722 damnaret
1320 4668 1458 4723 bominem,
1479 4664 1596 4715 docentes
1608 4663 1660 4713 iore
1679 4666 1707 4710 ut
1720 4674 1768 4709 ma·

992 4782 1040 4833 gna
1057 4767 1200 4834 reipublice
1221 4765 1370 4817 detrimenta
1387 4761 1519 4819 afferrent,
1548 4758 1618 4809 siob
1638 4751 1769 4805 infortunia

992 4860 1070 4912 duces
1082 4861 1240 4911 mulctarent.
1275 4847 1459 4915 Quum'antem
1474 4853 1528 4904 dies
1547 4849 1633 4915 judicii
1647 4844 1769 4905 venisset,

991 4958 1019 5006 L.
1033 4954 1172 5014 Caedicius,
1192 4967 1257 5003 unns
1270 4951 1301 5002 de
1316 4951 1430 5011 tribunis,
1438 4957 1581 5013 progressus
1598 4943 1623 4990 in
1643 4938 1769 4999 medium,

991 5049 1118 5100 bominem
1136 5048 1280 5105 accusarit,
1296 5045 1364 5110 quod
1381 5045 1413 5093 ob
1425 5055 1494 5091 suam
1510 5037 1659 5087 dementiam
1672 5037 1697 5085 et
1710 5033 1772 5087 artis

991 5146 1156 5212 imperatoriae
1175 5145 1332 5209 imperitiam,
1351 5140 1428 5205 copiis
1445 5138 1470 5187 iu
1486 5131 1769 5190 ruanilestumenitium,

1645 5234 1675 5282 35
