3772 5828
578 337 870 413 AN'HQUITATUM
890 336 1039 398 bollan,
1064 335 1137 397 bru.
1162 337 1211 398 lv.
1632 343 1692 402 225

81 473 127 534 ὑπ’
151 470 250 533 ἐκείνου
275 471 399 550 βασιλεὺς
420 470 563 551 ἀπεδείχθη
587 470 678 548 μόνου.
722 469 859 542 ’Benenate

83 565 111 622 δὲ
125 563 170 622 καί
184 562 288 642 μέτριος
299 561 365 639 ἀνὴρ
379 561 529 640 γενόμενος,
545 560 622 620 ἔλυσε
641 559 688 627 τδς
701 562 745 620 ἐπὶ
758 564 797 641 τῷ
821 559 858 637 μὴ

83 651 170 710 πάντα
194 650 227 708 τὰ
253 646 323 708 κατδι
348 648 407 718 τούς
424 648 517 726 νόμους
540 647 639 729 πρᾶξαι
659 647 783 715 bretoil<
808 649 861 713 τοῖς

85 739 152 818 μετθ
166 744 253 798 ταῦτα
268 738 370 818 ἔργοις,
385 739 504 819 παρέσχε
520 760 549 797 τε
562 739 669 804 πολλοῖς
683 738 812 817 ὑπόληψιν
826 741 862 803 ὡς

43 853 56 889 ε
85 833 106 890 al
123 829 160 905 μὴ
176 836 270 888 θᾶττον
285 825 400 907 άνηρίθη
416 827 589 905 μεταστήσων
604 827 634 886 τδ
648 831 741 905 σχῆμα
753 832 801 898 τῆς
813 848 863 886 πο-

84 919 182 985 λιτείας
204 919 239 983 τίς
263 917 453 996 δημοκρατίαν.
496 917 551 977 Καὶ
568 915 612 974 ἐπί
635 918 719 994 ταύτῃ
744 915 862 994 μάλιστα

85 1012 119 1087 τῇ
134 1008 207 1087 αἰτίᾳ
226 1006 330 1083 λέγεται
345 1008 397 1064 τῶν
413 1005 561 1086 πετραίων
576 1007 647 1086 αὐτῷ
666 1028 740 1070 τινας
754 1026 861 1064 συνεπι-

87 1097 248 1169 όουλεῦσαι,
265 1094 407 1164 ἀδυνάτους
421 1097 445 1155 δ’
460 1095 537 1162 όντας
551 1095 587 1153 δι’
602 1092 691 1174 ίτέρου
702 1093 800 1173 τρόπου
814 1092 862 1164 τὴν

86 1185 204 1256 ἐξουσίαν
230 1186 310 1243 αὐτοῦ
331 1187 498 1256 καταλῦσαι,
515 1184 561 1242 καλ
584 1180 732 1260 Ταρκύνιον
759 1181 801 1239 ἐπὶ
830 1181 864 1239 τά

34 1305 58 1341 ιι,
86 1274 232 1358 πράγματα
264 1273 431 1351 παραλαόεῑν
460 1272 505 1331 καί
539 1270 786 1350 συγκατασκευάσαι
814 1267 863 1338 τήν

86 1363 171 1445 ἀρχὴν
187 1363 297 1442 ἐκείνῳ,
311 1364 433 1421 κακῶσαί
449 1386 477 1421 τε
494 1360 666 1440 βουλομένους
676 1358 706 1418 τδ
721 1357 863 1435 δημοτικὸν

88 1453 174 1533 ίσχύος
200 1454 229 1511 οὔ
242 1460 337 1530 μικράς
354 1451 542 1528 ἐπειλνμμίνον
553 1452 583 1508 ἐκ
597 1452 643 1518 τῆς
656 1449 769 1506 Τυλλίου
782 1449 861 1506 πολι-

87 1542 171 1614 τείας,
190 1539 235 1598 καὶ
250 1539 298 1610 τήν
313 1539 381 1597 ἰδίαν
397 1536 504 1605 ἀξίωσιν
521 1538 554 1610 ἣν
566 1536 692 1616 πρότερον
703 1526 774 1616 εἶχον
796 1538 863 1593 σίνα-

88 1630 188 1689 λαθεῖν.
212 1627 333 1707 Θορύθου
343 1627 370 1686 δὲ
383 1625 522 1705 γενομίνου
532 1626 632 1685 πολλοῦ
646 1623 715 1682 κατδι
727 1627 774 1694 την
788 1624 862 1683 πόλιν

38 1745 61 1781 rs
88 1719 150 1791 ὅλην
160 1720 206 1778 καί
216 1720 343 1794 οἰμωγῆς,
364 1714 408 1775 ἐπί
419 1719 457 1796 τῷ
478 1715 594 1776 Τυλλίου
609 1713 732 1792 θανάτῳ,
747 1712 835 1778 δείσας
850 1715 865 1770 θ

88 1806 286 1888 ’1“αρκύνιος,εί
311 1804 354 1864 διά
374 1808 420 1876 τῆς
438 1805 534 1884 άγορᾶς
555 1807 570 1862 θ
589 1802 677 1882 νεκρδς
691 1802 810 1883 φέροιτο,
830 1805 866 1868 ὡς

89 1900 145 1956 ἔστι
162 1889 306 1965 Ῥωμαίοις
327 1892 395 1964 ἔθος,
408 1890 452 1951 τόν
475 1914 505 1951 τι
523 1891 656 1972 βασίλειον
681 1891 780 1966 κόσμον
796 1887 865 1969 ἔχων

90 1990 133 2050 καὶ
148 1990 233 2050 τᾶλλα
253 1979 302 2041 ὅσα
319 1982 395 2058 νόμος
410 1981 454 2040 ἐπί
476 1991 572 2063 ταραῖς
591 1983 752 2061 βασιλικαῖς,
768 1980 806 2056 μή
826 2002 866 2046 τις

90 2077 125 2130 ἐπ
149 2081 225 2130 αυτον
249 2070 318 2150 appi,
334 2071 442 2151 γίνηται
462 2077 507 2130 τοῦ
523 2073 681 2149 δημοτικοῦ,
696 2069 757 2150 πρὶν
774 2069 792 2140 ἢ
818 2072 865 2128 θε-

37 2184 63 2222 au
91 2161 173 2227 θείως
182 2160 362 2238 κρατύνασθαι
373 2161 422 2231 τήν
431 2157 527 2239 ἀρχὴν,
539 2161 587 2218 οὒκ
597 2160 669 2218 είασε
680 2163 733 2219 τῶν
743 2157 865 2235 νομίμων

90 2252 161 2311 ούδδν
176 2251 249 2331 αὐτῷ
270 2248 404 2327 γενέσθαι·
419 2247 477 2306 ἀλλ’
498 2253 516 2319 ἡ
533 2255 598 2322 γυνή
612 2253 657 2307 τοῦ
676 2248 803 2320 Τυλλίου,
818 2244 865 2305 σὺν

90 2339 184 2416 ὀλίγοις
198 2339 252 2397 τισί
264 2341 315 2395 τῶν
329 2336 427 2416 φίλων,
445 2335 595 2416 Ταρκυνίου
609 2335 726 2415 θυγάτηρ
738 2327 805 2394 οὖσα
820 2337 867 2392 τοῦ

89 2429 215 2508 προτέρου
240 2427 384 2504 βασιλέως,
405 2425 495 2490 νυκτδς
519 2424 651 2499 ἐκκομίζει
674 2424 704 2483 τδ
723 2426 801 2498 σῶμα
820 2426 868 2494 τῆς

89 2521 206 2588 πόλεως,
229 2519 265 2581 ὡς
279 2517 332 2573 τῶν
349 2514 526 2593 ἐπιτυχόντων
540 2514 619 2580 τινός·
644 2517 689 2572 καλ
716 2511 803 2572 πολλὰ
821 2511 869 2591 μδν

37 2632 63 2671 ts
90 2607 136 2665 τὸν
144 2608 239 2676 ἑαυτῆς
253 2605 299 2662 καὶ
307 2604 406 2662 ἐκείνου
418 2605 529 2678 δαίμονα
545 2602 757 2681 κατοδυραμένη,
774 2603 870 2680 μυρίας

92 2695 119 2752 δὲ
140 2693 259 2771 κατάρας
273 2694 311 2772 τῷ
325 2714 354 2750 τε
373 2690 487 2770 γαμθρῷ
507 2692 554 2750 καὶ
574 2690 730 2769 τῇθυγατρί
750 2695 870 2770 καταρα-

92 2787 207 2858 σαμένη,
225 2779 335 2860 κρύπτει
354 2783 389 2857 γῇ
410 2779 440 2838 τδ
462 2781 548 2854 σῶμα.
592 2778 751 2838 Ἀπελθοῦσα
773 2777 796 2838 δ’
817 2778 870 2839 άπδ

91 2876 137 2928 τοῦ
160 2869 279 2946 σήματος
300 2867 400 2938 οἴκαδε,
426 2865 471 2926 καὶ
493 2866 557 2945 μίαν
578 2866 680 2945 ἡμέραν
703 2864 870 2927 ἐπιόιύισασα

94 2955 161 3034 μετδι
174 2955 222 3028 τήν
237 2955 335 3036 ταφήν,
350 2957 383 3032 τῇ
396 2955 507 3013 κατόπιν
519 2953 593 3013 νυκτὶ
602 2955 771 3026 ἀποθνήσκει.
813 2957 870 3016 Τοῦ

43 3066 69 3105 su
95 3045 207 3104 θανάτου
222 3045 244 3103 δ’
266 3047 280 3101 δ
300 3043 395 3122 τρόπος
409 3041 479 3110 ὅστις
497 3033 529 3114 ήν
551 3046 668 3120 ἠγνοεῖτο
683 3051 736 3111 τοῖς
751 3044 867 3109 πολλοῖς.

95 3136 209 3214 Ἔλεγον
223 3135 247 3192 δ’
261 3135 285 3193 σί
297 3132 345 3208 μίν
359 3131 410 3191 ὑπὸ
422 3131 507 3204 λύπης
522 3131 675 3214 αὐτοχειρίᾳ
688 3133 719 3191 τὸ
734 3136 780 3205 ζῆν
795 3156 872 3213 προε·

97 3224 176 3299 μάνην
191 3220 273 3290 αὖτ’λν
292 3223 445 3280 ἀποθανεῖν·
460 3223 484 3279 οἱ
509 3219 536 3278 δέ
551 3224 602 3279 θπὸ
615 3225 661 3279 τοῦ
680 3220 801 3302 γαμθροῦ
825 3222 871 3281 καί

96 3317 141 3384 τῆς
155 3310 279 3390 θυγατρὸς
292 3312 461 3389 ἀναιρεθῆναι
480 3311 528 3380 τῆς
543 3311 579 3374 εἰς
597 3308 641 3367 τδν
664 3308 746 3388 άνδρα
765 3332 872 3388 συμπα·

98 3402 167 3468 θείας
180 3423 209 3458 τι
224 3399 268 3457 καὶ
282 3399 381 3464 εὐνοίας
401 3395 488 3457 ίνεκα.
529 3399 554 3458 Τ
556 3401 623 3477 αρῆς
638 3397 686 3473 μέν
705 3388 749 3457 σύν
771 3400 872 3476 βασιλι-

40 3508 68 3548 aa
95 3494 143 3561 κῆς
163 3490 207 3549 καὶ
234 3488 367 3565 μνήματος
390 3488 529 3569 ἐπιφανοῦς
543 3484 586 3544 διδ
605 3485 702 3554 ταύτας
719 3485 766 3554 τδις
787 3489 872 3552 αἰτίας

94 3581 143 3638 οὐκ
156 3577 285 3658 ἐξεγένετο
298 3584 387 3659 τυχεῖν
400 3578 439 3657 τῷ
452 3576 568 3636 Τυλλίου
587 3575 709 3651 σώματι,
726 3575 831 3653 μνήμης
843 3576 870 3635 δὲ

94 3667 202 3727 αἰωνίου
227 3672 280 3731 τοῖς
298 3664 380 3743 ἐργοες
402 3667 481 3724 αὐτοῦ
505 3661 578 3742 παρδι
600 3663 688 3722 πάντα
712 3663 756 3722 τὀν
779 3663 870 3744 χρόνον

94 3756 212 3836 ὑπάρχει
232 3752 378 3833 τυγχάνειν.
421 3751 559 3824 Ἐδήλωσε
579 3751 607 3812 al
621 3776 647 3811 τι
669 3753 713 3811 καὶ
729 3752 794 3811 άλλο
810 3753 871 3811 δαι-

95 3846 186 3923 μόνιον
201 3844 287 3922 ἔργον,
303 3842 343 3901 δτι
359 3843 479 3924 θεοφιλής
491 3834 523 3916 ἦν
540 3840 619 3922 ἀνὴρ,
636 3842 661 3912 ἐξ
675 3833 705 3901 οὗ
719 3842 764 3901 καί
779 3846 796 3913 ἡ
812 3843 873 3924 περὶ

39 3951 68 3997 ta·
95 3939 142 4004 τῆς
165 3932 289 4009 γενέσεως
311 3932 390 3989 αὐτοῦ
411 3930 507 4010 μυθικὴ
530 3931 575 3991 καί
601 3932 709 3997 ἄπιστος
731 3930 872 4012 ὑποληψις,

95 4021 185 4100 ὥσπερ
200 4019 302 4100 εἴρηταί
323 4043 368 4096 μοι
387 4020 522 4102 πρότερον,
537 4021 637 4095 ἀληθὴς
657 4011 724 4080 εἶναι
745 4020 796 4080 ύπδ
809 4023 874 4080 πολ-

95 4111 148 4170 λῶν
159 4107 309 4181 ἐπιστεύθη.
350 4107 398 4169 Ἐν
407 4112 457 4186 γὰρ
471 4113 510 4191 τῷ
520 4111 576 4189 ναῷ
585 4113 632 4179 τῆς
644 4106 747 4188 Τύχης,
759 4107 787 4166 δν
797 4109 875 4176 αὐτὸς

95 4197 304 4269 κατεσκεύασεν,
320 4196 397 4255 εἰκὼν
409 4198 491 4256 αὐτοῦ
507 4196 615 4274 κειμένη
631 4195 719 4267 ξυλίνη
741 4196 873 4274 κατάχρυ·

96 4310 149 4361 σος,
170 4285 328 4366 ἐμπρήσεως
341 4285 482 4365 γενομίνης
502 4284 547 4346 καί
567 4289 619 4343 τῶν
642 4285 728 4344 ἄλλων
750 4284 874 4343 ἁπάντων

40 4391 67 4428 ⁴⁶
96 4376 302 4459 διαφθαρέντων,
330 4373 397 4450 μόνη
418 4374 543 4451 διέμεινεν
563 4373 636 4434 οὐδὲν
662 4371 811 4444 λωόηθεῖσα
826 4373 876 4433 θπδ

95 4469 141 4523 τοῦ
155 4464 246 4543 πυρός.
291 4463 346 4525 Καὶ
359 4461 399 4521 ίτε
413 4467 458 4522 νῦν
472 4462 546 4541 δμέν
561 4460 637 4532 νεὼς,
652 4460 697 4519 καί
716 4461 749 4521 τδι
765 4463 792 4520 ἐν
803 4463 875 4543 αὐτῷ

94 4553 193 4624 πάντα,
202 4553 252 4615 όσα
264 4551 332 4631 μετδι
344 4549 391 4623 τήν
404 4550 537 4630 ἐμπρησιν
550 4551 585 4616 εἰς
596 4550 641 4609 τδν
652 4550 763 4630 ἀρχαῖον
776 4548 874 4627 κόσμον

95 4641 253 4711 ἐπετελέσθη
266 4640 382 4724 ρενερδ,
394 4641 435 4699 θτι
446 4644 493 4711 τῆς
508 4643 600 4712 καινῆς
616 4641 671 4698 ἐστι
685 4639 790 4719 τέχνης,
812 4642 830 4709 ή
848 4640 875 4700 δὲ

96 4729 183 4804 εἰκὼν,
200 4733 242 4789 οἵα
266 4730 391 4811 πρότερον
416 4719 460 4803 ήν,
487 4726 603 4808 άρχαῖκὴ
618 4725 665 4798 τὴν
691 4726 874 4800 κατασκευήν·

39 4837 69 4877 so
97 4818 274 4899 διαμένειγδρ
283 4818 321 4877 ἐτι
337 4817 475 4894 σεύασμοῦ
487 4816 652 4898 τυγχάνουσα
664 4817 715 4877 θπδ
723 4814 875 4894 Ῥωμαίων.

98 4909 151 4969 Καί
163 4906 224 4986 περὶ
238 4905 286 4982 μίν
300 4906 417 4968 Τυλλίου
430 4909 545 4966 τοσαῦτα
559 4904 754 4984 παρελάύομεν.

136 4997 212 5057 xil.
237 4993 315 5055 illisi
327 4993 354 5053 δδ
364 4997 455 5054 τοῦτον
468 4993 673 5072 παραλαμύάνει
684 4991 793 5060 Λεύκιος
802 4995 877 5074 Ταρ-

98 5085 182 5152 κύνιος
206 5084 254 5157 τήν
277 5083 422 5162 Ῥωμαίων
446 5083 617 5156 δυναστείαν,
642 5084 670 5142 ού
689 5081 758 5141 κατά
781 5081 875 5160 νόμους

100 5171 168 5232 ἀλλὰ
189 5175 232 5234 διὰ
250 5177 303 5233 τῶν
322 5173 411 5233 ὅπλων
428 5170 583 5253 κατασχὼν,
602 5171 672 5231 κατδι
690 5169 735 5231 τδν
750 5170 875 5252 τέταρτον

195 5293 308 5331 monada.
374 5274 379 5284 “

914 475 1077 528 atmoderate
1095 490 1121 526 se
1137 476 1262 541 gessisset,
1279 477 1372 528 crimen
1385 478 1453 542 quod
1468 478 1515 543 ipsi
1525 479 1691 542 objiciebatur,

914 578 984 642 quasi
997 591 1046 628 uon
1059 578 1139 628 omnia
1156 591 1186 627 en·
1203 578 1298 642 legibus
1312 579 1419 639 lecisset,
1438 581 1615 642 posterioribus
1633 583 1695 634 actis

915 681 1000 743 altura,
1012 686 1038 731 et
1047 682 1138 730 multos
1149 681 1173 729 in
1188 695 1241 730 earn
1253 681 1391 745 opinionem
1402 681 1507 732 adduxit
1521 687 1548 733 ut
1557 684 1695 745 crederent,

917 787 962 837 nisi
975 786 1043 835 crede
1059 787 1199 849 praeventus
1213 784 1310 844 luisset,
1325 797 1383 834 eum
1396 784 1538 847 reipublicae
1551 787 1653 838 soranam
1672 789 1697 837 in

917 890 1057 955 popularem
1066 887 1257 937 dominationem
1270 891 1425 937 mutaturum
1441 889 1525 940 tuisse.
1555 894 1585 940 Et
1599 891 1645 941 bac
1654 905 1697 956 po·

918 992 1041 1043 tissimum
1063 991 1095 1041 dc
1116 1004 1203 1041 caussa
1218 992 1300 1042 terrmt
1323 995 1442 1057 quosdam
1463 996 1579 1059 patricios
1596 993 1700 1047 iusidias

919 1094 965 1159 ipsi
975 1093 1107 1147 struxisser
1122 1107 1230 1156 cumque
1240 1094 1293 1145 eius
1307 1097 1439 1160 potentiam
1454 1099 1500 1149 alia
1516 1099 1610 1149 ratione
1624 1112 1698 1150 crer-

919 1199 1026 1247 tcrauon
1039 1198 1147 1260 possent,
1161 1196 1358 1265 Tarquiniumad
1368 1212 1409 1249 eas
1420 1214 1459 1250 res
1471 1200 1591 1262 gerondas
1603 1202 1699 1251 socium

919 1301 1082 1366 assumpsisse
1107 1314 1213 1365 eumque
1235 1302 1260 1352 in
1283 1317 1357 1368 regno
1379 1305 1486 1369 parando
1511 1306 1617 1359 iuuisse.
1644 1311 1699 1358 tum

919 1402 977 1466 quia
993 1401 1088 1465 plebem
1108 1416 1227 1466 premere,
1248 1405 1320 1455 cuius
1341 1406 1407 1456 sires
1420 1405 1467 1456 sub
1478 1420 1534 1469 reqe
1550 1408 1631 1458 Tullio
1651 1422 1700 1458 non

920 1505 1078 1559 mediocriter
1092 1512 1228 1570 creverant,
1245 1511 1299 1558 tum
1318 1512 1392 1561 ctiam
1411 1512 1467 1574 quia
1482 1511 1609 1575 pristinam
1624 1511 1700 1577 digiu-

921 1614 997 1663 tatem
1019 1624 1163 1675 recuperare
1186 1613 1307 1664 volebant.
1343 1618 1434 1665 Exorto
1455 1620 1537 1667 autem
1556 1617 1645 1681 ingenti
1660 1621 1701 1667 lu·

920 1716 1001 1765 multu
1015 1718 1040 1764 et
1061 1714 1155 1766 ululatu
1168 1729 1212 1780 per
1232 1720 1309 1768 totam
1324 1719 1420 1779 urbem,
1440 1720 1473 1771 ob
1494 1722 1566 1772 Tullii
1586 1725 1700 1781 mortem,

921 1818 1174 1882 neritusTsrquinius
1187 1833 1226 1880 ne,
1240 1822 1314 1885 siper
1330 1823 1410 1872 lorum
1426 1824 1500 1873 sunus
1515 1825 1656 1889 duceretur,
1673 1833 1702 1878 ut

922 1929 969 1981 tert
990 1933 1153 1982 Romanorum
1166 1932 1329 1993 consuetudo,
1344 1948 1401 1985 curn
1415 1936 1481 2000 regia
1498 1951 1586 2002 pompa
1602 1941 1627 1990 et
1640 1944 1704 1991 cete·

924 2036 958 2087 ris
974 2034 1117 2086 solennibus
1136 2037 1297 2098 caeremoniis,
1314 2051 1371 2100 qaas
1392 2039 1416 2088 in
1434 2039 1562 2091 funeribus
1576 2042 1703 2094 observari

923 2136 1010 2196 solent,
1024 2135 1095 2200 plebs
1110 2137 1229 2202 impetum
1243 2140 1269 2189 iu
1284 2154 1312 2192 se
1326 2142 1425 2202 taceret,
1440 2144 1507 2206 regul
1519 2147 1629 2210 palentia
1644 2160 1703 2197 non·

921 2239 983 2290 dum
995 2240 1057 2291 satis
1068 2241 1219 2303 confirmata,
1233 2242 1298 2294 iusta
1309 2243 1402 2296 eisolvi
1417 2260 1464 2296 non
1474 2261 1561 2311 passus
1575 2253 1622 2299 est.
1655 2252 1703 2303 sad

922 2343 994 2394 Tullii
1015 2357 1087 2405 uxor,
1105 2345 1231 2410 Tarquinii
1254 2347 1330 2398 Prisci
1346 2349 1410 2413 regis
1432 2350 1536 2401 itomaui
1550 2352 1607 2411 salia,
1623 2367 1705 2418 prose·

923 2446 1057 2511 questibus
1070 2449 1156 2512 paucis
1172 2448 1320 2513 quibusdam
1334 2452 1429 2510 arnicis,
1448 2460 1522 2505 noctu
1540 2470 1571 2506 ex
1583 2458 1647 2508 urbe
1665 2458 1704 2524 ip·

924 2566 988 2613 sum,
1001 2556 1029 2603 ut
1043 2553 1149 2603 hominis
1160 2554 1247 2616 privati
1264 2559 1290 2604 et
1307 2555 1396 2619 plebeii
1407 2572 1496 2623 corpus
1506 2561 1612 2622 extulit,
1630 2565 1705 2625 atque

924 2655 1075 2706 raldesuum
1088 2661 1113 2705 et
1126 2657 1202 2720 ipsius
1221 2657 1381 2708 intortunium
1397 2660 1536 2725 deplorans,
1551 2669 1575 2714 et
1587 2665 1705 2729 plurimas

924 2755 993 2807 dirus
1011 2758 1198 2820 imprecationes
1212 2771 1301 2820 genero
1317 2764 1343 2810 ct
1363 2761 1419 2810 illice
1438 2762 1580 2828 imprecata,
1600 2766 1705 2817 caelaret

926 2864 991 2910 terra
1007 2859 1079 2910 texit.
1112 2863 1133 2909 Α
1152 2860 1265 2924 sepulcro
1283 2866 1366 2913 autem
1382 2864 1485 2915 domum
1504 2880 1611 2927 reversa,
1629 2883 1705 2921 unum

925 2965 1023 3012 tantum
1044 2961 1109 3012 diem
1126 2966 1183 3026 post
1203 2964 1287 3014 mariti
1307 2965 1379 3015 sunus
1400 2970 1533 3030 superstes,
1554 2969 1580 3019 iu
1593 2976 1706 3036 sequenti

926 3069 997 3117 nocte
1008 3067 1076 3119 obiit.
1092 3072 1148 3127 Quo
1159 3072 1242 3120 autam
1249 3071 1336 3122 mortis
1348 3084 1435 3134 genere
1449 3072 1581 3124 interiisset
1592 3088 1606 3123 a
1617 3075 1706 3139 pleris-

925 3185 974 3235 que
990 3172 1146 3236 ignorabatur
1162 3174 1220 3224 :alii
1236 3174 1301 3224 enim
1319 3174 1434 3226 dicebant
1454 3176 1534 3235 illam,
1550 3191 1603 3240 pres
1622 3178 1707 3229 dolore

926 3274 1022 3325 abiecto
1038 3276 1096 3326 ritas
1114 3275 1244 3337 desiderio,
1262 3291 1349 3327 manus
1366 3278 1413 3328 sibi
1428 3279 1543 3329 attulisse
1556 3297 1562 3326 ι
1573 3280 1707 3330 aliiarcro

925 3390 1015 3441 genero
1033 3383 1058 3429 et
1072 3379 1120 3428 filia
1133 3380 1254 3431 sublatam
1273 3380 1468 3431 misericordiam
1485 3386 1631 3433 clamorem
1650 3395 1707 3448 erga

926 3459 1050 3532 maritum.
1061 3480 1106 3529 liis
1116 3481 1189 3544 igitur
1195 3480 1227 3531 de
1237 3481 1331 3532 caussis
1338 3482 1430 3532 tactum
1439 3485 1487 3540 est,
1501 3483 1609 3534 ut'rullii
1618 3497 1708 3549 corpus

928 3582 995 3645 regio
1010 3582 1096 3632 sunere
1105 3586 1132 3633 et
1147 3582 1233 3646 insigni
1243 3586 1403 3634 monumento
1421 3584 1576 3635 fraudaretur
1594 3586 1658 3636 :aad
1668 3588 1706 3635 ta·

926 3699 983 3735 rnen
997 3684 1070 3735 rebus
1079 3685 1153 3747 gestis
1164 3684 1337 3750 sempiternam
1351 3686 1495 3737 memoriam
1503 3691 1650 3738 consecutus
1659 3694 1707 3742 est.

927 3788 1065 3847 Quinetiam
1082 3789 1218 3855 prodigium
1238 3788 1361 3853 quoddam
1373 3790 1509 3842 declararit
1529 3791 1598 3841 illum
1612 3792 1708 3857 superis

926 3907 980 3945 esse
997 3907 1100 3946 carum:
1117 3894 1183 3946 unde
1194 3894 1270 3946 etiarn
1287 3893 1377 3945 accidit
1391 3896 1420 3944 ut
1444 3894 1511 3946 iilam
1532 3894 1668 3948 fabulosam
1683 3901 1709 3949 et

928 4001 1095 4052 incredibilem
1108 4001 1140 4052 de
1151 4001 1205 4051 elus
1218 3999 1343 4051 natalibus
1362 3999 1510 4063 opinionem,
1524 4002 1552 4051 ut
1568 4002 1625 4050 ante
1646 4000 1707 4062 dixi,

929 4104 1000 4155 multi
1015 4119 1098 4155 veram
1117 4117 1171 4154 esse
1181 4103 1318 4155 crederent.
1353 4105 1414 4154 llam
1427 4103 1452 4153 in
1473 4105 1589 4155 Fortunae
1606 4106 1707 4171 templo.

929 4207 996 4270 quod
1011 4211 1062 4272 lpse
1078 4206 1195 4267 condidit,
1210 4207 1290 4270 lignea
1305 4205 1358 4257 eius
1369 4209 1453 4256 statua
1466 4206 1587 4266 inaurata,
1599 4210 1655 4259 orto
1670 4209 1707 4258 in·

929 4314 1025 4373 cendio,
1051 4313 1139 4363 ceteris
1162 4311 1237 4362 rebus
1265 4311 1379 4362 omnibus
1403 4312 1458 4376 igne
1485 4311 1630 4376 absumptis,
1656 4311 1707 4361 sola

929 4410 1019 4460 mansit
1028 4409 1130 4474 integra,
1140 4409 1171 4460 ab
1181 4410 1229 4472 igni
1241 4409 1388 4460 nullomodo
1401 4409 1460 4459 laesa
1474 4412 1515 4460 :et
1525 4409 1598 4459 bodie
1610 4420 1707 4472 quoque

929 4513 1062 4577 templum,
1076 4517 1101 4563 cl
1117 4513 1199 4563 omnia
1214 4526 1271 4576 quae
1294 4514 1319 4563 in
1332 4525 1362 4562 eo
1381 4515 1435 4574 post
1452 4510 1590 4560 incendium
1607 4508 1637 4557 ad
1653 4506 1707 4571 pri·

929 4609 1017 4660 stiuam
1035 4610 1138 4660 tonnam
1149 4613 1175 4660 et
1187 4614 1301 4660 ornatum
1312 4609 1448 4659 instaurata
1460 4611 1527 4666 sunt,
1539 4605 1597 4655 nori
1611 4605 1709 4654 artificii

930 4719 984 4757 esse
996 4710 1112 4771 apparet,
1124 4711 1208 4758 statua
1223 4720 1283 4757 uero
1294 4706 1351 4756 talis
1360 4705 1439 4769 qualis
1454 4709 1478 4754 el
1488 4706 1544 4754 ante
1562 4704 1650 4757 tuerat,
1663 4701 1710 4748 tor·

929 4817 995 4854 mam
1008 4805 1089 4868 operis
1106 4805 1201 4869 antiqui
1218 4804 1305 4854 retinet
1319 4805 1343 4853 et
1353 4803 1458 4852 adhuca
1479 4799 1594 4850 Romanis
1608 4797 1706 4846 colitur.

930 4905 1011 4966 Atque
1024 4902 1056 4953 da
1067 4902 1147 4953 Tullio
1159 4902 1215 4953 hac
1231 4901 1378 4964 accepimus.

963 5001 1026 5050 llll.
1044 5003 1103 5051 Post
1121 4999 1186 5050 bunc
1201 4998 1292 5050 Lucius
1312 4995 1459 5060 Tarquinius
1480 4995 1643 5042 Romanorum
1661 4990 1710 5042 im·

931 5089 1027 5153 perium
1036 5102 1084 5139 nou
1094 5101 1125 5140 ex
1137 5087 1243 5151 tegibus,
1254 5086 1298 5137 sed
1314 5083 1389 5134 armis
1400 5081 1539 5144 occupavit,
1552 5085 1711 5144 annoquarto

929 5177 1088 5242 sexagesima
1103 5177 1189 5241 primae
1203 5171 1357 5239 olympiadis,
1369 5183 1419 5234 qua
1435 5169 1494 5221 vicit
1510 5170 1535 5221 iu
1552 5170 1631 5221 stadio
1644 5176 1710 5232 lga-

1517 5280 1522 5287 ·
1587 5271 1614 5314 15
