3772 5828
598 378 1057 452 animumanimumum.
1084 382 1155 440 iili.
1178 383 1213 442 li.

96 510 224 582 συνθήκας
246 509 293 576 τδς
314 510 453 588 γενομένας
473 509 606 591 Ῥωμύλῳ
623 509 688 590 πρὸς
708 514 807 570 Ἰἰίτιον
821 511 863 569 ἐπὶ

96 605 149 664 τοῖς
162 595 229 662 ίσοις
245 598 465 676 παραγενόμενοι,
489 597 673 677 μετειληφέναι
699 602 745 668 τῆς
770 598 871 662 πόλεως

96 690 168 766 παρὰ
186 688 238 744 τῶν
263 685 382 766 ἀρχαίων
405 685 550 765 οἰκητόρων
564 686 610 745 καθ
624 685 672 758 τήν
695 685 776 757 αὐτὴν
791 685 868 765 χάριν

95 774 200 840 ἰκτίνοις
221 773 296 831 αὐτοὶ
319 772 458 832 δεδωκέναι
474 774 589 836 ἐδόκουν.
629 774 702 852 Ἅμα
717 776 743 833 δὲ
764 776 802 854 τῷ
821 773 869 844 τήν

55 870 70 904 ⁶
95 862 192 941 βουλὴν
212 864 349 932 διαστῆναι
364 862 409 920 καὶ
432 862 461 921 τ“ο
477 865 529 921 τῶν
553 865 673 922 πελατῶν
692 865 791 933 πλῆθος
806 863 868 941 διχῇ

94 950 220 1030 μερισθὲν
244 951 354 1030 ίκατίραρ
372 949 509 1010 συνίύαινε
527 953 578 1010 τῶν
597 953 724 1012 στάσεων.
765 941 818 1010 Ἦν
841 951 870 1010 δι’

95 1061 123 1096 τι
137 1043 183 1097 τοῦ
210 1038 351 1115 δημοτικοῦ
374 1038 451 1117 μέρος
475 1041 523 1098 οὐκ
550 1037 636 1114 ὀλίγον
658 1039 688 1096 ἐκ
705 1042 757 1097 τῶν
776 1035 868 1097 νεωστί

97 1125 326 1205 προσεληλυθότων
342 1130 375 1204 τῇ
389 1125 546 1204 πολιτείῳ,θ
562 1127 604 1185 διδ
618 1125 647 1185 τὸ
661 1126 770 1204 μηδενὸς
784 1127 868 1186 συνοί-

98 1219 193 1291 ρασθαι
205 1217 243 1294 τῷ
253 1210 386 1291 Ῥωμύλῳ
399 1211 515 1292 πολέμου
526 1213 746 1292 παρημελημένον
763 1213 813 1272 ὑπὸ
823 1219 867 1273 τοῦ

41 1322 70 1360 to
100 1298 757 1382 Ιἡγεμόνοςούτεγῆςείλήφειμοῖρανούτ’ὠφελείαις.
787 1300 868 1362 Τοῦτ’

94 1392 209 1449 ἀνέστιον
233 1389 280 1448 καὶ
293 1390 400 1468 πτωχὸν
416 1388 551 1467 ἀλώμενον
565 1390 655 1469 ἰχθρδν
677 1391 707 1450 ἐκ
727 1395 771 1449 τοῦ
787 1392 868 1470 ἀναγ·

94 1477 170 1537 καίου
193 1488 248 1544 τοῖς
269 1478 416 1557 κρείττοσιν
435 1469 467 1549 ήν
486 1478 531 1537 καί
548 1480 705 1557 νεωτερίζειν
730 1477 868 1554 ἑτοιμότα-

94 1591 150 1629 τον.
193 1567 240 1626 Ἐν
265 1565 373 1647 τοιούτῳ
396 1567 429 1637 δὴ
453 1564 565 1626 κλύδωνι
594 1566 628 1626 τὰ
655 1565 800 1646 πράγματα
821 1571 869 1638 τῆς

93 1656 195 1722 πόλεως
210 1653 344 1714 σαλτύονθ’
366 1657 380 1711 θ
398 1654 492 1732 Νόμας
505 1654 680 1729 καταλαύὼν,
702 1655 869 1734 πρῶτονμὲν

52 1765 65 1801 ο
94 1743 154 1811 τοὺς
179 1742 292 1821 ἀπύρους
312 1745 364 1800 τῶν
386 1743 507 1818 δημοτῶν
523 1741 645 1813 titisse,
671 1740 806 1819 διανείμας
822 1743 869 1799 αύ·

93 1838 145 1900 τοῖς
160 1834 202 1912 ἀφ’
224 1826 255 1905 ἧς
271 1831 408 1910 Ῥωμύλος
425 1831 550 1904 ίκέκτητο
569 1830 661 1912 χώρας
676 1830 721 1889 καί
750 1830 803 1888 απὸ
822 1833 868 1900 τῆς

93 1921 223 1997 δημοσίας
233 1920 325 1999 μοῖραίν
334 1923 384 1978 τιν’
397 1919 502 1997 ὀλίγην·
524 1920 615 1979 ἔπειτα
629 1917 688 1986 τοὺς
697 1917 862 1997 πατρικίους,

95 2009 171 2067 οὐδὲν
182 2008 229 2085 μὲν
239 2009 395 2089 ἀφαλόμενος
407 1999 444 2068 διν
454 2011 478 2067 οἱ
490 2007 624 2073 κτίσαντες
634 2012 681 2079 τήν
694 2007 769 2067 πόλιν
785 2005 870 2086 εὕρον-

94 2120 135 2170 το,
146 2106 198 2165 τοῑς
211 2099 234 2157 δ’
245 2097 356 2164 ἐποίκοις
364 2098 454 2176 ἑτίρας
464 2097 536 2163 τινὰς
547 2095 753 2173 ἀποδοὺςτιμδις,
768 2095 868 2154 ίπαυσε

96 2186 307 2268 διαφερομένους.
360 2186 554 2266 Ἁρμοσοίμενσς
576 2184 652 2243 δὲτὸ
675 2187 774 2255 πλῆθος
796 2183 867 2241 θίπαν

94 2274 183 2355 ὥσπερ
198 2276 308 2353 ὄργανον
331 2276 396 2355 πρὸς
417 2273 462 2330 ἕνα
483 2272 528 2331 τδν
541 2276 585 2331 τοῦ
604 2275 677 2350 κοινῇ
695 2269 869 2350 συμφέροντος

94 2365 232 2439 λογισμὸν,
248 2362 294 2422 καὶ
308 2366 356 2431 τῆς
370 2362 471 2426 πολεως
493 2361 537 2417 τὀν
549 2359 687 2436 περίὸολον
703 2358 817 2428 αὐξήσας
831 2361 868 2436 τῷ

95 2450 212 2529 Κυρινίῳ
233 2450 323 2529 λόφῳ·
349 2447 413 2511 τέως
438 2448 488 2526 γάρ
508 2447 544 2504 ἔτ’
566 2447 713 2523 ἀτείχιστος
736 2439 786 2514 ἦν·
811 2448 869 2504 τότε

96 2539 148 2593 τῶν
163 2536 250 2593 ἀλλων
272 2534 473 2608 πολιτευμάτων
487 2534 606 2605 ήιττετο,
627 2531 672 2591 δύο
686 2538 769 2593 ταῦτα
784 2556 869 2612 πραγ·

37 2649 63 2671 0‘
97 2623 282 2702 ματευύμενος,
296 2613 334 2688 οἷς
346 2626 520 2696 κοσμηθεῖσαν
540 2620 726 2697 ύπελάμδανεν
750 2617 806 2702 [ἀν]
824 2620 870 2692 τήν

95 2713 173 2772 πόλιν
193 2711 334 2787 εὐδαίμονα
356 2708 509 2787 γενήσεσθαι
525 2708 571 2768 καί
586 2708 716 2787 μεγάλην·
732 2708 869 2769 εὖσέύιιαν

99 2800 148 2876 μὲν
172 2802 276 2879 πρῶτον
292 2797 421 2855 διδοίοκων
446 2796 504 2864 τοὺς
527 2797 690 2879 ἀνθρώπους,
711 2795 751 2856 δτι
774 2801 870 2864 παντὸς

97 2893 197 2965 ἀγαθοῦ
222 2885 274 2944 θεοί
297 2885 404 2963 δοτῆρες
424 2883 473 2943 eloi
499 2889 531 2964 τῇ
552 2889 632 2964 θνητῇ
656 2885 731 2965 φύσει
750 2886 796 2945 καὶ
818 2888 867 2962 φύ-

92 2980 184 3049 λακες,
200 2976 292 3034 ἔπειτα
311 2971 492 3044 δικαιοσύνην,
517 2976 551 3032 δι’
563 2973 596 3045 ἣν
613 2972 658 3031 καθ
682 2975 714 3034 εδ
729 2973 803 3054 παρὰ
816 2979 868 3035 τῶν

40 3087 67 3124 sn
94 3071 159 3124 θεῶν
173 3065 316 3142 ἀπέφαινεν
336 3063 421 3139 ἀγαθὰ
437 3060 519 3126 καλὰς
530 3060 576 3129 τδις
588 3061 745 3130 ἀπολαύσεις
757 3063 867 3143 φέροντα

94 3164 146 3220 τοῖς
166 3151 350 3225 κτησαμένοις.

132 3243 235 3303 thll.
246 3238 293 3306 ’tii
303 3230 340 3298 ὧν
355 3239 382 3297 δέ
394 3237 551 3318 διεπράξατο
557 3238 642 3315 νόμων
652 3261 681 3296 τε
691 3239 736 3297 καὶ
750 3241 870 3297 πολιτιυ·

93 3330 183 3404 μοίτοιν
197 3327 320 3407 ἑκάτερον
334 3327 432 3385 τούτων
454 3329 489 3392 είς
504 3326 621 3406 μεγοίλην
643 3326 758 3386 ἐπίδοσιν
774 3330 868 3407 προελ-

94 3424 160 3486 θεῖν,
169 3415 274 3475 δίποιντα
289 3413 337 3491 μὲν
347 3417 394 3473 οὐκ
411 3413 474 3483 ἀξιῶ
488 3415 612 3495 γράφειν,
624 3414 653 3472 τὸ
668 3417 750 3489 μῆκος
768 3415 868 3494 ὑφορώ-

42 3522 67 3561 ts
95 3529 170 3583 μενος
188 3509 232 3563 τοῦ
261 3504 340 3580 λόγου
364 3503 410 3561 καὶ
432 3503 480 3578 ἀμ’
492 3505 546 3560 οὐδ’
573 3502 719 3581 ἀναγκαίαν
735 3505 801 3580 ὁρῶν
821 3505 869 3574 τήν

94 3593 199 3674 γραφήν
224 3595 306 3652 αίιτῶν
325 3591 496 3662 Ἑλληνικαῖς
523 3590 665 3670 ἱστορίαις
695 3591 762 3646 αὐτὰ
787 3590 813 3647 δὲ
836 3589 869 3650 sir

95 3680 247 3758 κυριώτατα
272 3680 316 3739 καλ
340 3679 454 3761 φανερδιν
485 3677 617 3755 δυνάμενα
644 3681 754 3748 ποιῆσαι
781 3687 869 3737 πᾶσαν

93 3770 144 3842 τήν
160 3769 307 3849 προαίρεσιν
324 3775 371 3829 τοῦ
386 3768 478 3846 ἀνδρὸς
494 3767 537 3827 ἐπὶ
563 3768 714 3846 κεφαλαίων
740 3768 807 3845 ἐρῶ,
821 3766 869 3838 τήν

94 3856 181 3937 ἀρχήν
205 3857 257 3916 ἀπὸ
277 3861 323 3929 τ’ής
341 3854 449 3938 περὶτὰ
464 3856 519 3914 θεῖα
535 3855 736 3929 διακοσμήσεως
755 3856 870 3924 ποιησαί-

42 3973 67 4011 ιιι
94 3969 179 4023 μενοςΙΙ
221 3942 296 4005 Ὅσα
322 3944 368 4017 μθν
393 3934 437 4004 σύν
466 3943 515 4002 ὑπὸ
537 3942 677 4017 Ῥωμύλου
696 3941 816 4020 ταχθέντ’
841 3945 867 4002 ἐν

96 4036 213 4109 ἐθισμοῖς
224 4055 254 4092 τε
266 4032 312 4091 καί
325 4031 413 4108 νόμοις
423 4030 587 4110 παρέλαύεν,
602 4030 655 4088 ἀπὸ
668 4035 715 4088 τοῦ
728 4028 868 4107 κρατίστου

94 4122 219 4198 τετύχθαι
232 4119 310 4177 πάνθ’
326 4119 508 4198 ήγησοίμενος,
524 4117 565 4179 εἴα
577 4117 646 4177 κατδι
665 4118 756 4198 χώραν
769 4118 869 4192 μένειν·

93 4208 143 4268 ὅσα
154 4207 176 4266 δ’
188 4210 232 4265 ὑπ’
248 4205 347 4267 ἐκείνου
358 4209 564 4288 παραλελεῖφθαι
580 4206 679 4278 ἐδόκει,
693 4213 777 4265 ταῦτα
789 4229 870 4283 προσ-

95 4299 186 4374 ετίθει,
215 4297 302 4356 πολλὰ
336 4298 384 4373 μὲν
415 4295 567 4363 ἀποδεικνύς
596 4296 692 4371 τεμένη
714 4302 767 4360 τοῖς
788 4295 869 4372 μήπω

44 4419 69 4457 p,
94 4389 179 4462 τιμῶν
200 4386 360 4464 τυγχάνουσι
388 4384 471 4456 θεοῖς,
499 4382 609 4450 πολλοὺς
634 4382 661 4442 δὲ
693 4380 797 4461 βωμοὺς
824 4382 869 4442 καί

95 4473 170 4540 ναοὺς
193 4472 360 4550 ἱδρυόμενος,
382 4473 473 4552 ἑορτάς
496 4471 519 4531 θ’
542 4471 645 4551 ἑκάστῳ
666 4473 752 4530 αὐτῶν
774 4471 870 4530 ἀπονέ·

95 4587 163 4640 μων,
183 4558 301 4628 καὶτοὺς
321 4561 561 4638 ἐπιμελησομένους
579 4561 665 4619 αὐτῶν
692 4559 768 4639 ἱερεῖς
791 4565 867 4618 καθι-

95 4652 175 4727 στδς,
194 4649 299 4728 θγνείας
314 4672 342 4707 τε
366 4648 412 4707 καὶ
434 4651 574 4729 θρησκείας
593 4649 638 4707 καλ
660 4645 810 4727 καθαρμούς
824 4650 868 4708 καί

93 4742 140 4809 τδς
158 4741 240 4805 ἀλλας
264 4738 405 4818 θεραπείας
420 4739 465 4798 καί
489 4736 567 4814 τιμδις
583 4738 652 4796 πάνυ
673 4737 771 4803 πολλὰς
785 4761 867 4816 νομο-

45 4850 71 4888 υι
95 4833 189 4905 θετδιν,
203 4825 332 4894 ὅσαςούθ
347 4826 468 4896 Ἑλληνίς
485 4823 545 4885 ούτε
562 4824 693 4904 βοίρύαρος
712 4825 766 4904 ἔχει
780 4827 865 4900 πσλις,

95 4920 150 4980 οὐδ’
170 4918 198 4974 αἱ
214 4915 338 4991 μέγιστον
354 4917 396 4974 ἐπ’
416 4913 536 4995 εὐσεβείᾳ
549 4913 689 4996 φρονοῦσαί
704 4937 779 4974 ποτε.
819 4917 868 4975 at

96 5009 140 5068 τήν
152 5029 181 5064 τε
203 5003 247 5063 τδν
263 5001 402 5078 Ῥωμύλον
417 5008 452 5070 ὡς
464 5005 600 5085 κρείττονα
616 5004 754 5082 γενόμενον
768 5003 785 5075 ἢ
798 5003 866 5062 κατὰ

94 5095 143 5167 τήν
162 5091 261 5163 θνητήν
277 5093 354 5171 φύσιν
377 5093 447 5170 ἱεροῦ
471 5097 622 5173 κατασκευῇ
636 5091 682 5152 καὶ
697 5092 797 5158 θυσίαις
815 5092 867 5149 διε-

92 5185 195 5259 τησίοις
216 5177 289 5249 (ταξε
313 5182 426 5260 Κυρῖνον
449 5183 671 5258 ῖπονοααζύμενον
687 5180 863 5260 γεραίρεσθαι.

172 5298 285 5339 uiosrau.

1643 390 1699 450 iit

925 529 1044 580 Romulus
1057 544 1114 579 cuin
1131 528 1201 577 Tatio
1222 530 1327 589 lecerat,
1342 542 1367 578 ee
1387 542 1401 576 a
1421 531 1508 591 priscis
1529 533 1619 582 co'onis
1638 534 1699 584 civi-

925 635 975 681 tate
988 632 1107 692 donatos,
1133 634 1162 680 ut
1176 630 1227 693 pari
1245 631 1299 680 iure
1322 630 1470 695 fruerentur,
1492 634 1518 680 et
1536 631 1602 693 ipsos
1618 646 1700 695 parem

923 730 1025 792 gratiam
1043 731 1092 780 iilis
1114 730 1226 780 retulisse
1244 728 1373 779 dicebant.
1417 730 1479 780 Cum
1499 733 1582 780 autem
1603 734 1702 780 senatus

924 827 1072 892 dissideret,
1094 829 1148 894 ipsa
1170 842 1268 892 quoque
1289 829 1414 879 clientium
1437 829 1569 882 multitudo
1592 830 1701 880 bifariam

923 925 1002 978 divisa
1014 930 1112 992 utrique
1124 945 1151 981 se
1163 932 1260 981 lectioni
1279 930 1404 982 adiunxit.
1437 935 1496 982 Erat
1505 935 1588 982 autem
1602 937 1627 985 et
1635 945 1702 997 quas·

922 1028 980 1079 dam
997 1030 1076 1094 piebis
1100 1044 1157 1094 pars
1180 1045 1228 1080 non
1253 1044 1342 1095 parva,
1362 1045 1440 1096 nuper
1458 1036 1482 1081 in
1509 1032 1635 1084 ciuitatem
1648 1043 1700 1113 ,re-

922 1135 1009 1195 cepta,
1022 1145 1095 1196 qum,
1116 1133 1182 1196 quod
1201 1133 1306 1207 nuileio
1327 1133 1390 1183 bello
1405 1136 1536 1185 Romulum
1550 1135 1700 1197 adiuvisset,
1776 1135 1779 1142 '

923 1228 1010 1280 aduce
1020 1231 1129 1293 neglecta
1143 1245 1223 1294 neque
1242 1231 1292 1294 agri
1304 1235 1399 1294 partem
1411 1245 1490 1294 neque
1510 1232 1577 1282 aliud
1590 1246 1698 1283 commo-

923 1330 983 1381 dum
995 1337 1130 1399 acceperat.
1163 1337 1223 1384 lime
1237 1348 1307 1398 pars,
1320 1334 1410 1398 quippe
1423 1335 1475 1384 sine
1487 1335 1580 1384 laribus
1591 1339 1617 1385 et
1630 1349 1701 1385 men·

922 1429 977 1479 dica
990 1441 1091 1492 vagans,
1105 1430 1242 1481 necessario
1255 1431 1431 1494 potentioribus
1449 1434 1504 1483 erat
1518 1430 1616 1481 inimica
1631 1434 1657 1482 et
1668 1431 1699 1480 ad

922 1540 962 1576 res
976 1526 1100 1576 novandas
1112 1527 1274 1590 paratissima.
1296 1532 1375 1579 Numa
1389 1529 1463 1589 igitur
1474 1529 1649 1592 rempublicam
1658 1525 1702 1578 tali

923 1622 1071 1684 tempestate
1086 1623 1201 1673 iactatam
1215 1626 1316 1684 nactus,
1330 1624 1436 1687 primum
1455 1624 1554 1688 quidem
1570 1637 1660 1687 egenos
1669 1623 1701 1674 de

922 1720 993 1784 plebe
1004 1721 1097 1780 refecit,
1114 1723 1166 1786 agri
1177 1726 1259 1785 parte,
1271 1737 1344 1786 rpuem
1358 1724 1477 1774 Romulus
1491 1725 1648 1787 possederat,
1660 1725 1699 1773 iu·

923 1816 1105 1876 tereosdivisa,
1114 1820 1140 1866 et
1152 1819 1312 1880 praeterendo
1324 1820 1421 1882 publico
1430 1834 1487 1884 agro
1495 1822 1582 1884 exigua
1593 1821 1701 1883 quadam

923 1911 983 1974 ipsis
1004 1912 1115 1976 portione
1144 1914 1211 1963 data.
1244 1915 1337 1967 Deinde
1363 1916 1520 1979 patriciorum
1550 1918 1698 1968 discordiam

923 2007 1034 2069 sedavit,
1057 2008 1130 2057 nuliis
1150 2007 1283 2058 honoribus
1311 2010 1429 2070 ademtis,
1451 2026 1513 2075 quos
1542 2011 1609 2060 urbis
1637 2026 1698 2060 cou-

923 2104 1016 2155 ditores
1030 2106 1112 2169 adepti
1133 2110 1218 2170 erant,
1241 2108 1283 2157 sed
1307 2110 1378 2158 novis
1392 2109 1484 2158 colonis
1498 2109 1552 2158 aliis
1566 2109 1700 2159 honoribus

922 2203 1057 2253 attributis.
1104 2206 1167 2254 Ouio
1199 2210 1282 2256 autem
1317 2211 1395 2257 iotam
1436 2207 1526 2257 civium
1555 2205 1695 2256 mullitudi-

923 2313 980 2350 nem
1003 2290 1080 2351 relut'
1094 2301 1285 2353 instrumentum
1311 2304 1409 2366 aliquod
1446 2304 1476 2353 ad
1501 2318 1573 2354 unam
1596 2305 1702 2368 publices

924 2389 1040 2439 utilitatis
1061 2389 1281 2441 considerationem
1303 2393 1472 2452 informasset,
1495 2396 1519 2441 ct
1538 2392 1605 2441 urbis
1619 2392 1701 2442 ambi-

923 2489 977 2535 tum
997 2488 1092 2538 adiecto
1113 2488 1173 2539 colle
1201 2490 1321 2548 Quirinali
1342 2491 1454 2540 auxisset
1488 2491 1612 2552 (nondum
1635 2494 1700 2541 enim

922 2583 946 2632 is
970 2584 1040 2633 collis
1062 2586 1172 2635 munitus
1197 2588 1263 2646 erat)
1283 2591 1336 2635 tum
1354 2587 1402 2636 alia
1426 2585 1565 2650 reipublice
1588 2587 1701 2636 instituta

924 2682 1005 2745 attigit
1020 2702 1026 2733 :
1049 2683 1104 2733 lraec
1115 2684 1166 2734 duo
1179 2697 1268 2748 agens,
1282 2683 1372 2747 quibus
1393 2688 1504 2734 ornatam
1526 2685 1700 2747 rempublicam

923 2779 1020 2831 beatam
1037 2785 1063 2830 et
1081 2795 1193 2844 magnam
1210 2782 1260 2831 lore
1273 2781 1430 2831 existimabat
1446 2801 1452 2830 :
1471 2782 1577 2845 primum
1598 2779 1698 2844 quidem

923 2876 1034 2927 homines
1053 2877 1169 2940 pietatem
1188 2878 1294 2936 docens,
1310 2877 1428 2943 quoniam
1445 2877 1479 2927 dii
1493 2878 1601 2927 omnium
1621 2876 1699 2926 boue-

923 2988 979 3023 rum
986 2978 1100 3025 auctores
1119 2981 1144 3027 et
1155 2977 1271 3027 custodes
1284 2977 1393 3027 humano
1407 2977 1489 3040 generi
1501 2979 1591 3035 essent,
1609 2973 1699 3025 deinde

923 3070 1057 3131 iustitiam,
1079 3086 1121 3135 per
1136 3086 1211 3135 quam
1224 3072 1410 3122 demonstrabat
1432 3072 1503 3122 bonis
1525 3071 1644 3121 divinitus
1657 3085 1698 3122 ac·

923 3169 1002 3232 ceptis
1022 3170 1096 3219 licere
1115 3169 1175 3233 ipsis
1196 3169 1379 3234 possessoribus
1401 3169 1504 3219 honeste
1518 3168 1574 3217 [τοὶ.

954 3263 1699 3328 blilll.Quibusautemlegibusquibusqneinstitutisutrum·

923 3352 1065 3414 queborum
1074 3350 1212 3400 lundaritet
1221 3350 1253 3399 ad
1260 3353 1356 3400 tautum
1366 3351 1540 3400 incrementum
1549 3348 1698 3412 provexerit,

923 3453 952 3489 ea
961 3454 1009 3489 non
1019 3440 1100 3488 ornain
1112 3439 1240 3488 scribenda
1247 3453 1344 3498 censeo,
1353 3442 1376 3488 et
1386 3439 1444 3500 quia
1454 3451 1540 3488 vereor
1555 3451 1585 3486 ne
1596 3437 1697 3486 nimium

923 3528 1015 3592 prolixa
1034 3527 1077 3576 fiat
1093 3527 1186 3585 oratio,
1208 3530 1233 3575 et
1247 3526 1305 3588 qula
1324 3526 1395 3574 video
1413 3537 1498 3588 parum
1515 3535 1569 3572 csse
1585 3535 1698 3572 necessa-

924 3614 987 3664 rium
1015 3613 1069 3662 hese
1097 3614 1191 3663 Graecra
1215 3613 1338 3671 historias,
1362 3611 1405 3661 secl
1428 3625 1483 3674 quae
1499 3610 1624 3674 praecipua
1641 3616 1698 3660 sunt

923 3706 1027 3758 quaeque
1045 3696 1149 3757 possunt
1168 3693 1236 3743 illius
1261 3692 1307 3741 uiri
1327 3691 1450 3753 ingenium
1466 3692 1615 3752 patefacere,
1628 3706 1697 3740 sum-

923 3782 1008 3832 matim
1032 3782 1165 3842 attingam,
1187 3779 1256 3829 initio
1277 3779 1342 3828 lacto
1368 3792 1383 3826 a
1404 3776 1480 3825 divim
1506 3778 1588 3826 cuitus
1621 3779 1698 3828 lerina

922 3883 997 3934 quam
1006 3868 1122 3919 instituit.
1156 3872 1317 3931 Quaecunque
1328 3864 1635 3929 igiturconsnetudineaut
1644 3865 1697 3928 iege

922 3958 1054 4008 aliomulo
1073 3956 1207 4006 constituta
1223 3954 1332 4017 accepit,
1351 3967 1381 4003 ea
1401 3952 1483 4002 omnia
1501 3952 1593 4014 optime
1613 3952 1644 4000 ab
1666 3966 1697 4001 eo

922 4046 1055 4096 constituta
1077 4047 1155 4105 ratus,
1168 4045 1270 4094 immota
1280 4040 1378 4103 reliquit
1401 4061 1408 4088 :
1428 4051 1582 4102 quecunque
1593 4053 1653 4088 rere
1666 4039 1697 4088 ab

921 4134 963 4183 iilo
983 4133 1148 4196 praetermissa
1171 4130 1305 4180 arbitratus
1325 4131 1376 4188 est,
1398 4127 1452 4176 haee
1474 4127 1505 4176 dc
1527 4141 1573 4176 suo
1593 4127 1696 4177 addidit.

921 4224 983 4270 Nam
1004 4226 1029 4271 et
1043 4221 1120 4271 multa
1131 4218 1219 4269 sacella
1236 4217 1328 4267 dicavit
1341 4216 1401 4279 diis,
1412 4216 1504 4279 quibus
1515 4215 1596 4265 nullus
1615 4215 1697 4265 adbuc

921 4313 999 4359 iionor
1023 4309 1123 4358 liabitas
1149 4310 1216 4366 erat,
1243 4309 1269 4355 et
1289 4305 1454 4355 multasaras
1477 4307 1502 4354 et
1522 4304 1612 4367 templa
1638 4316 1697 4353 con·

921 4397 996 4457 didit,
1016 4399 1041 4445 et
1062 4395 1134 4444 terias
1160 4395 1292 4456 unicuique
1316 4405 1400 4441 eorum
1422 4390 1548 4450 attribuit,
1573 4393 1599 4440 et
1618 4403 1696 4440 sacer-

921 4487 991 4536 dotes
1007 4483 1148 4544 constituit,
1170 4482 1213 4546 qui
1231 4495 1316 4531 eorum
1340 4493 1424 4528 curam
1445 4482 1568 4543 gererent,
1585 4480 1610 4526 et
1630 4477 1696 4540 leges

920 4572 977 4622 tulit
994 4570 1111 4635 plurimas
1129 4568 1161 4617 de
1181 4566 1355 4626 sanctimonia,
1378 4564 1536 4623 cerimoniis,
1554 4562 1695 4625 expiationi*

922 4663 969 4712 bus
988 4661 1091 4722 aliisque
1107 4657 1197 4708 diuinis
1211 4657 1318 4706 cultibus
1334 4660 1359 4706 et
1377 4654 1526 4711 honoribus,
1549 4656 1609 4713 quot
1629 4653 1694 4701 riulln

921 4753 965 4798 aut
982 4749 1067 4798 Graeca
1089 4748 1132 4794 aut
1157 4743 1261 4793 barbara
1285 4742 1374 4791 civitas
1400 4741 1488 4797 babet,
1514 4751 1545 4786 ne
1564 4737 1613 4784 iile
1637 4735 1692 4797 qui-

920 4837 975 4886 dem
999 4848 1056 4899 queo
1069 4832 1191 4895 quondam
1208 4830 1305 4892 pietatis
1326 4829 1423 4877 nomine
1443 4824 1551 4873 maxime
1572 4834 1599 4868 sc
1613 4820 1691 4870 iacta·

920 4925 988 4975 bant..
1022 4923 1106 4984 ipsum
1119 4931 1217 4982 quoque
1234 4914 1366 4966 Romulum
1378 4910 1471 4970 Quirini
1489 4905 1645 4970 cognomine,
1664 4912 1694 4959 ut

920 5013 1027 5062 bumana
1053 5011 1141 5057 natura
1170 5005 1239 5067 longe
1266 5000 1429 5065 augustiorem
1455 4993 1545 5056 templo
1566 4998 1693 5047 exstructo

920 5103 946 5151 et
971 5095 1097 5147 sacrificiis
1119 5091 1205 5142 annuis
1231 5090 1277 5140 coli
1302 5085 1383 5138 iussit.
1423 5079 1536 5131 Romanis
1561 5080 1626 5133 cuim
1646 5085 1693 5133 ad-

919 5187 968 5235 imc
983 5180 1170 5239 dubitantibus,
1184 5181 1270 5228 utrum
1290 5173 1372 5226 <lirina
1390 5167 1541 5235 prouidentia
1562 5185 1592 5220 an
1607 5172 1693 5222 liuma-

1585 5273 1600 5318 θ
