3772 5828
203 343 262 404 tls

206 502 219 527 ιι
237 470 304 552 μηδὲ
324 469 447 549 ἀγεννὲς,
472 471 518 532 καὶ
541 469 575 530 τά
602 471 696 531 παιδία
720 478 802 531 ταῦτα
826 471 981 551 παραμύθια

207 589 219 614 ιι
237 567 284 633 τῆς
299 562 365 637 ἐμῆς
383 560 490 640 ίρςμίας
505 559 744 640 ἔχουσηι,τρε”ρετε
765 559 843 628 ἀξίως
861 563 934 636 ὑμῶν
953 582 982 618 τε

207 678 220 703 ιι
237 649 283 709 καὶ
297 656 343 708 τοῦ
358 646 459 726 γόνους·
475 639 512 716 οἷς
538 650 591 708 θεολ
610 649 678 707 δοῖεν
701 651 739 720 εἰς
764 648 859 727 ἄνδρας
880 650 982 708 ίλθούσι

207 767 219 791 ιι
237 737 321 817 τύχην
341 738 388 815 μίν
410 736 545 816 κρείττονα
569 744 614 797 τοὺ
634 737 749 817 πατρύς,
770 738 867 815 ἀρετήν
891 735 918 796 δὲ
944 735 981 814 μή

165 846 179 884 ο
207 856 219 881 ιι
236 828 343 908 χείρονα
356 846 363 862 ·
376 828 419 886 καὶ
434 827 551 906 χαίρετε.
594 825 757 906 Ἀπὲρχομαι
771 825 823 906 γάρ
835 826 886 898 ἤδη
901 848 983 884 κατα·

206 944 219 968 ιι
237 914 321 975 λιπὼν
331 913 379 986 τήν
394 915 481 974 οὐκέτι
495 919 635 994 χωροῦσαν
649 915 744 993 ἀνδρας
762 915 875 994 ἀγαθούς
892 914 979 974 πόλιν.

207 1034 219 1058 ιι
239 1006 294 1065 Καὶ
313 1008 401 1082 ὑμεῖς,
418 993 440 1061 ‹f›
460 1004 513 1063 θεοί
534 1003 638 1075 κτήσιοι
653 1005 698 1061 καί
717 1002 791 1062 ἑστία
812 1001 924 1084 πατρῴα
937 1001 982 1061 καί

207 1122 219 1147 ιι
238 1093 369 1170 δαίμονες,
382 1095 405 1151 οἱ
415 1091 571 1171 κατέχοντες
585 1098 675 1151 τοῦτον
690 1092 734 1151 τὸν
752 1092 847 1164 τόπον,
863 1091 980 1171 χαίρετε.

181 1253 184 1256 ,
208 1210 220 1235 ιι
239 1182 286 1249 Ὠς
302 1183 329 1241 δὲ
347 1186 431 1241 ταῦτα
444 1173 532 1255 εἶπεν,
548 1182 624 1259 ἡμεῖς
643 1179 691 1258 μὲν
706 1186 733 1241 αἱ
744 1183 895 1260 δυστυχεῖς,
911 1180 940 1248 ἀς
952 1178 982 1240 τδ

151 1310 177 1349 ,,,
206 1299 218 1324 ιι
236 1273 318 1338 πάθος
341 1270 437 1350 ἀπῄτει
461 1268 549 1350 ρωνάς
569 1266 722 1330 ἀναθοῶσαι
741 1270 786 1327 καὶ
806 1268 933 1329 παίουσαι
947 1268 982 1328 τά

206 1388 219 1413 ιι
237 1359 332 1432 στήθη,
353 1357 547 1437 περιεχύθημεν
562 1359 633 1438 αὐτῷ
651 1357 711 1424 τούς
726 1356 854 1438 ἐσχάτους
877 1358 982 1416 ἀσπασ-

207 1477 219 1503 ιι
238 1449 302 1526 μοὺς
325 1448 513 1523 κομιούμεναι·
536 1450 588 1505 τῶν
621 1446 648 1505 δί
673 1446 786 1506 παιδίων
809 1445 908 1505 τούτοιν
930 1445 983 1526 ἐγὼ

207 1566 219 1590 ιι
238 1537 284 1614 μὲν
299 1536 343 1594 τὸν
364 1533 539 1615 πρεσόύτιρον
557 1526 636 1612 ἦγον,
658 1541 674 1606 ή
696 1534 723 1594 δὲ
747 1532 837 1615 μήτηρ
851 1533 896 1594 τδν
916 1534 983 1594 νεώ-

206 1652 219 1677 ιι
237 1647 310 1704 τερον
327 1614 396 1703 εἶχεν
413 1624 457 1681 ἐπὶ
470 1626 517 1695 τῆς
531 1625 657 1701 ἀγκάλης·
672 1626 686 1683 ὑ
701 1624 728 1682 δὲ
746 1622 922 1703 ἀποστραφεὶς
937 1623 982 1684 καλ

150 1754 175 1793 ,,
204 1741 217 1767 ιι
232 1715 423 1793 παρωσάμενος
445 1715 535 1787 ἡμᾶς,
560 1703 651 1770 εἶπεν·
677 1711 748 1772 Οὔτε
772 1711 816 1778 σὀς
841 1712 895 1778 υἱὸς
922 1709 980 1784 ότι,

166 1866 168 1870 ⁴
204 1828 217 1854 ιι
233 1805 332 1881 μῆτερ,
347 1803 420 1859 ἔσται
436 1800 480 1858 τὸν
503 1799 556 1858 ἀπὸ
569 1802 645 1858 τούδε
660 1801 752 1881 χρόνον
766 1801 897 1879 Μάρκιος,
914 1800 982 1858 ἀλλὰ

203 1914 216 1941 ιι
231 1887 366 1968 ἀφῄρηταί
388 1910 417 1946 σε
440 1888 484 1946 τὸν
509 1886 671 1968 γηροὺοσκύν
686 1895 703 1962 η
720 1888 833 1968 πατρίς·
857 1888 916 1947 οὐτε
938 1888 982 1954 σὸς

201 2006 214 2032 ιι
232 1979 299 2059 ἀνὴρ
325 1979 377 2037 ἀπὸ
404 1978 514 2051 ταύτης,
536 1968 558 2036 ἀι
584 1979 769 2056 Οὐολουμνία,
791 1983 838 2050 τῆς
867 1979 981 2057 ἡμέρας,

202 2097 215 2122 ιι
232 2071 290 2128 ἀλλ’
304 2071 441 2149 εὐτυχοίης
468 2066 555 2148 ἔτερον
569 2069 651 2148 ἄνδρα
668 2071 788 2129 λαθοῦσα
808 2066 980 2145 εὐδαιμονία·

147 2183 175 2222 no
202 2185 215 2211 ιι
229 2182 303 2239 τερον
319 2162 398 2234 ἐμοῦ·
415 2157 475 2215 οὐτε
488 2161 581 2233 ὑμῶν,
598 2146 714 2215 ῶτίκνα
733 2160 863 2238 ιρίλτατα,
879 2152 954 2228 πατή
972 2202 980 2229 ,

203 2275 215 2299 ιι
232 2249 290 2305 ἀλλ’
306 2247 412 2322 ὀρφανοί
429 2244 473 2302 καὶ
490 2245 583 2323 ἔρημοι
605 2243 678 2324 παρά
694 2250 801 2312 ταύταις
821 2246 869 2313 ἕως
885 2249 921 2314 είς
936 2250 981 2309 άν-

202 2363 214 2388 ιι
230 2337 291 2414 δρας
305 2335 408 2405 ίλθητε,
422 2333 593 2413 τραφήσεσθε.
637 2332 732 2392 Ταῦτα
758 2332 854 2407 είπδιν,
871 2335 936 2395 ἀλλο
952 2335 979 2394 δὲ

202 2449 214 2475 ιι
231 2423 302 2482 οὐδὲν
317 2420 377 2482 οὐτε
393 2423 592 2498 διοικησάμενος
606 2421 659 2481 οὔτ’
676 2421 825 2490 ἐπιστείλας
846 2421 906 2482 οὐτε
918 2421 979 2482 όποι

201 2539 215 2566 ιι
229 2512 366 2593 πορεύεται
382 2513 497 2592 φράσας,
513 2513 628 2584 ἀπῆλθεν
644 2513 675 2571 ἐκ
688 2515 735 2585 τῆς
749 2512 831 2576 οἰκίας
849 2511 927 2588 μόνος
937 2501 980 2587 ,ῶ

145 2618 172 2658 ss
202 2629 214 2654 ιι
229 2608 364 2680 γυναῖκες,
380 2602 502 2672 ἄδουλος,
522 2602 638 2680 άπορος,
659 2602 717 2661 οὐδὲ
743 2601 789 2672 τήν
815 2601 944 2681 ἐφήμερον
966 2604 980 2660 ὑ

200 2718 213 2742 ιι
226 2689 351 2758 δύστηνος
365 2691 395 2747 εἰι
409 2692 461 2747 τῶν
478 2691 571 2746 ἑαυτοῦ
591 2691 738 2767 χρημάτων
759 2690 857 2771 τρορὴν
881 2690 978 2770 ἐπαγό-

200 2805 212 2830 ιι
228 2799 314 2850 μενος.
360 2777 414 2838 Καὶ
434 2781 557 2857 τέταρτον
575 2777 691 2837 ἐνιαυτὸν
707 2778 757 2850 ήδη
776 2783 886 2849 τοῦτον,
907 2777 933 2846 ἐξ
950 2769 979 2836 οὐ

199 2894 211 2920 ιι
227 2867 317 2947 ρεύγει
334 2869 381 2941 τὴν
400 2866 529 2947 πατρίδα,
546 2866 646 2934 πάντας
659 2873 730 2943 ἡμᾶς
747 2869 898 2946 ἀλλοτρίους
919 2870 980 2926 ino·

200 2982 212 3007 ιι
227 2961 271 3012 τοῦ
297 2956 442 3031 νενόμικεν,
467 2957 496 3015 οὐ
519 2956 627 3036 γράγων
648 2955 729 3026 οὐδίν,
741 2959 786 3016 οὐκ
801 2956 976 3029 ἐπιστέλλων,

143 3061 171 3102 uo
200 3070 212 3095 ιι
228 3044 256 3102 οὐ
280 3041 314 3100 τθι
337 3043 397 3121 περὶ
421 3048 492 3119 ἡμᾶς
519 3042 614 3100 εἰδέναι
640 3045 805 3120 βουλόμενος.
851 3044 922 3123 Πρὸς
945 3044 976 3114 δὴ

199 3160 211 3185 ιι
230 3133 351 3206 τοιαύτην
373 3132 460 3213 ψυχήν
486 3131 553 3190 οὑτω
580 3129 699 3207 σκληρόν
727 3129 773 3188 καί
798 3129 930 3209 ἄτρωτον,
955 3121 977 3191 ὦ

198 3250 210 3275 ιι
226 3223 380 3302 Οὐαλερία,
403 3220 461 3278 τίνα
477 3218 552 3299 ίσχὺν
570 3218 670 3287 ἕξουσιν
692 3220 719 3276 αὑ
739 3217 803 3298 παρ’
816 3222 893 3295 ἡμῶν
917 3221 977 3294 δεή·

198 3339 209 3363 ιι
228 3336 298 3386 σεις,
322 3302 362 3377 αἷς
387 3308 446 3368 οὐτε
469 3312 619 3387 ἀσπασμῶν
643 3310 797 3385 μετέδωκεν,
814 3307 873 3368 οὐτε
898 3312 975 3391 ριλη·

198 3427 209 3452 ιι
226 3401 335 3474 μάτων,
369 3397 422 3458 οὐτ’
453 3399 535 3471 άλλης
561 3395 751 3479 φιλοφροσύνης
780 3399 902 3474 οὐδεμιᾶς
927 3399 974 3473 τήν

199 3517 211 3542 ιι
226 3488 379 3547 τελευταίαν
394 3487 567 3568 πορευόμενος
577 3489 606 3545 ἐκ
621 3491 667 3557 τῆς
679 3485 763 3554 οἰκίας
776 3486 849 3561 θδόν;

238 3579 324 3637 xlll.
351 3598 364 3633 c
383 3574 454 3636 Ἀλλ’
467 3579 488 3634 εἷ
507 3575 551 3634 καί
572 3573 663 3633 τούτου
679 3576 763 3634 δεῖσθε
781 3577 874 3652 ὑμεῖς,
892 3565 975 3657 ῶγυ-

197 3695 210 3718 ιι
224 3668 321 3737 ναῖκες,
336 3666 493 3732 καὶπάντως
503 3664 590 3725 θέλετε
604 3664 806 3746 ἀσχημονούσας
820 3671 890 3744 ἡμᾶς
899 3668 974 3747 ἰδεῖν,

197 3783 209 3805 ιι
227 3753 375 3813 ὑπολάὺετε
401 3758 524 3832 παρεῖναι
554 3753 618 3834 πρὸς
642 3755 719 3814 αὐτὸν
746 3753 818 3830 κάμὲ
839 3755 883 3814 καί
905 3759 977 3818 Οὐο-

198 3871 210 3894 ιι
225 3843 352 3919 λουμνίαν
375 3845 488 3921 ἀγούσας
500 3842 534 3901 τθι
556 3843 668 3901 παιδία·
686 3843 759 3910 τίνας
775 3846 825 3924 ἐρῶ
840 3847 944 3924 πρῶτον
957 3851 974 3918 ή

198 3958 211 3982 ιι
227 3933 314 4007 μήτηρ
340 3930 391 4008 ἐγὼ
411 3930 474 4009 πρὸς
494 3932 572 3990 αὐτὸν
591 3931 702 4010 λόγους,
732 3932 777 3990 καί
805 3931 863 3990 τίνα
887 3933 975 4003 δέησιν

198 4043 209 4066 ιι
227 4016 372 4094 ποιήσομαι
383 4024 428 4078 τοῦ
442 4021 516 4091 υίούς
530 4020 619 4096 λε’γετε
633 4019 678 4078 καί
695 4018 832 4078 διδάσκετέ
847 4043 892 4097 με.
909 4021 976 4080 Φεί-

197 4129 210 4154 ιι
224 4107 321 4160 σασθαι
336 4108 484 4183 παρακαλῶ
500 4110 551 4165 τῶν
570 4110 663 4164 ἑαυτοῦ
683 4108 816 4180 πολιτῶν,
840 4107 882 4188 ὑφ’
894 4099 930 4167 ῶν
946 4112 976 4168 ἐκ

197 4196 271 4263 «τῆς
296 4194 420 4273 πατρίδος
448 4196 602 4267 ἐξελήλαται
623 4194 703 4272 μηδὲν
733 4198 847 4275 ἀδικῶν;
875 4200 974 4281 οἰκτίρ-

197 4308 209 4334 ιι
225 4304 292 4358 μονα
317 4281 410 4341 δὲκαὶ
432 4290 556 4360 συμπαθῆ
582 4283 645 4362 πρὸς
668 4284 727 4353 τοὺς
751 4286 906 4361 δημοτικούς
930 4314 974 4369 γε-

197 4397 209 4423 ιι
224 4369 332 4441 νέσθαι,
357 4375 420 4451 παρ’
443 4364 478 4432 ῶν
504 4374 557 4432 οὐτ’
582 4375 654 4433 ίλεόυ
676 4375 802 4455 μετέσχεν
828 4377 885 4437 οὐτε
905 4404 975 4458 συμ-

197 4485 209 4509 ιι
224 4458 349 4530 παθείας,
371 4463 555 4535 ἐγκαταλιπεῖν
574 4461 600 4520 δὲ
625 4463 676 4543 ἀρα
691 4465 736 4522 καὶ
754 4467 896 4543 προδοῦναι
918 4468 974 4536 τούς

197 4573 209 4600 ιι
225 4546 430 4624 ὑποδεξαμένους
442 4552 520 4609 αὐτοῦ
533 4551 580 4623 τήν
593 4557 692 4634 φυγήν,
704 4552 729 4612 οἲ
744 4555 828 4613 πολλὰ
843 4557 887 4615 καὶ
904 4557 973 4616 δεινά

197 4663 209 4689 ιι
224 4637 381 4702 πεπονθότες
396 4639 441 4694 ὑπ’
458 4639 536 4697 αὐτοῦ
548 4640 691 4718 πρότερον,
704 4643 733 4698 οὐ
748 4645 881 4719 πολεμίων
898 4653 973 4721 μῖσος

198 4751 210 4777 ιι
226 4724 294 4783 ἀλλά
308 4724 391 4805 ρίλων
406 4727 451 4784 καί
466 4733 597 4805 συγγενῶν
611 4730 710 4790 εὔνοιαν
724 4736 760 4798 εἰς
780 4733 855 4792 αὐτὸν
869 4734 974 4792 ἀπεδεί·

197 4840 209 4864 ιι
226 4813 316 4887 ξαντο;
341 4814 400 4875 τίνα
418 4816 505 4896 ψυχήν
526 4817 645 4877 λαθοῦσα
663 4819 767 4888 ἀξιώσω
791 4820 834 4880 τδν
861 4821 915 4881 υίδν
940 4822 972 4879 τά

197 4927 209 4953 ιι
226 4904 272 4973 μὲν
284 4905 452 4965 ἀπολέσαντα
468 4907 562 4986 ριλεῖν,
574 4905 608 4964 τθι
623 4908 649 4966 δὲ
661 4908 783 4968 σώσαντα
797 4911 910 4983 ἀδικεῖν;
927 4913 973 4969 οὐκ

197 5015 209 5039 ιι
224 4991 288 5049 εἰσίν
307 4987 377 5054 οὑτοι
406 4995 504 5077 μητρὸς
529 4994 696 5072 ὑγιαινούσης
720 4994 792 5072 λόγοι
816 4997 881 5076 πρὸς
900 4997 972 5069 υίύν,

196 5101 209 5126 ιι
226 5077 281 5133 οὐδὲ
299 5084 420 5157 γυναικός
435 5086 452 5143 ἃ
470 5084 509 5143 δεῖ
523 5084 694 5164 λογιζομένης
709 5082 773 5164 πρὸς
782 5084 875 5163 ἄνδρα.
894 5084 971 5156 Μήδὲ

196 5191 209 5218 ιι
224 5167 296 5243 ὑμεῖς
311 5171 445 5248 βιάζεσθε,
461 5180 597 5250 γυναῖκες,
615 5171 633 5229 θ
653 5169 722 5247 μήτε
736 5170 800 5250 πρὸς
820 5172 971 5252 ἀνθρώπους

704 336 872 400 ΟΙΟΝΥΒΙΙ
894 337 1272 402 nnllcnnnnssun'sls

1038 500 1051 526 ιι
1067 480 1190 545 postulat,
1208 479 1317 545 quibus,
1333 476 1377 529 ubi
1397 476 1448 527 iam
1467 473 1500 526 ad
1518 475 1621 526 aetahm
1640 473 1745 525 virilem
1768 487 1826 538 per·

1039 596 1051 622 ι
1069 578 1197 637 venerint,
1218 577 1253 627 dii
1270 576 1331 628 dent
1342 574 1471 625 fortunam
1487 573 1628 632 meliorem,
1646 585 1725 637 quarn
1746 573 1829 637 patri,

1038 703 1051 728 ι
1067 683 1189 733 virtutem
1205 695 1252 731 non
1268 680 1439 731 deteriorem:
1455 679 1480 729 et
1491 678 1583 728 ralete.
1613 685 1668 734 tam
1686 679 1756 728 enim
1770 678 1827 728 dis·

1037 800 1050 825 ιι
1064 781 1142 841 codo,
1158 781 1245 831 relicta
1265 780 1340 840 urbe,
1359 777 1505 843 qunbonos
1519 776 1587 826 riros
1597 776 1704 841 amplius
1713 791 1766 828 non
1780 791 1829 828 cs·

1038 897 1051 922 ι
1068 878 1114 942 pit.
1147 879 1321 942 Vosquoque,
1333 875 1369 925 dii
1388 877 1504 939 penates,
1520 876 1545 923 et
1558 873 1623 924 lares
1639 875 1730 938 patrii,
1741 876 1829 939 genii-

1037 994 1050 1019 ι
1065 988 1114 1039 que
1128 974 1205 1025 huius
1220 974 1267 1023 loci
1283 971 1409 1038 presides,
1420 971 1511 1021 valete.
1544 974 1607 1030 Quae
1624 985 1683 1021 cum
1697 971 1824 1032 dixisset,

1039 1092 1051 1116 ι
1067 1070 1178 1122 infelices
1192 1085 1237 1122 nos
1251 1083 1316 1134 quas
1335 1068 1406 1120 dolor
1426 1067 1593 1132 extorquebat
1614 1082 1689 1119 voces
1702 1068 1823 1127 edentes.

1039 1189 1052 1215 ι
1068 1172 1094 1221 et
1108 1172 1209 1234 pectora
1221 1168 1365 1233 plangentes
1376 1167 1402 1216 in
1411 1165 1466 1217 eius
1476 1164 1607 1231 amplexus
1626 1167 1783 1227 ruebamus‚
1796 1175 1824 1218 ut

1038 1284 1051 1309 ι
1065 1268 1217 1330 postremam
1246 1262 1422 1314 salutationem
1446 1264 1616 1328 acciperemus
1641 1282 1648 1312 ε
1674 1267 1753 1328 atque
1776 1263 1822 1314 ho·

1039 1376 1121 1413 «rum
1144 1376 1280 1428 puerorum
1302 1375 1346 1425 ego
1364 1360 1485 1412 maiorem
1503 1365 1565 1411 natu
1582 1361 1723 1421 ducebam,
1744 1366 1823 1413 meter

1039 1474 1126 1511 ινειο
1151 1461 1271 1510 minorem
1297 1459 1323 1510 in
1351 1459 1417 1509 ulnls
1435 1450 1566 1523 ‘gesnoan
1609 1461 1642 1509 nt
1657 1459 1701 1509 ille
1720 1472 1823 1510 aversus

1039 1577 1051 1600 ι
1067 1562 1093 1606 et
1111 1556 1180 1607 nobis
1200 1555 1321 1622 repulsis,
1342 1554 1424 1620 inquit
1443 1573 1450 1603 ι
1468 1556 1519 1606 Nee
1534 1554 1593 1615 tibi,
1611 1558 1706 1614 mater,
1718 1556 1822 1620 posthoc

1039 1676 1051 1698 ι
1065 1655 1174 1705 Marcius
1186 1655 1234 1705 erit
1245 1654 1312 1704 lilius
1325 1674 1331 1703 :
1345 1653 1388 1704 sed
1404 1653 1486 1719 patria
1499 1653 1605 1705 obstulit
1621 1654 1670 1705 libi
1688 1655 1823 1705 senecintis

1039 1773 1050 1795 ι
1066 1753 1229 1813 nutritorem,
1247 1766 1293 1802 nec
1307 1751 1352 1802 tibi
1365 1751 1397 1802 ab
1411 1750 1460 1802 hoc
1471 1751 1513 1803 die
1523 1752 1550 1802 in
1563 1755 1708 1817 posterum,
1720 1752 1820 1802 volum

1039 1869 1052 1895 ιι
1065 1850 1120 1909 nia,
1136 1851 1242 1900 maritus
1254 1851 1316 1912 erit,
1335 1851 1377 1901 sed
1399 1851 1460 1902 felix
1480 1854 1624 1904 colonium
1647 1855 1769 1905 maritum
1780 1869 1821 1903 me

1039 1969 1051 1992 ι
1066 1947 1257 1999 fortunatiorem
1278 1953 1369 2010 naen,
1387 1965 1470 2016 neque
1486 1952 1572 2009 robis,
1586 1953 1736 2004 ocarissimi
1759 1952 1819 2002 lilii!

1039 2067 1051 2090 ι
1066 2048 1137 2111 pater
1151 2061 1193 2096 ero
1204 2085 1209 2105 ,
1222 2047 1266 2097 sed
1282 2047 1337 2098 orbi
1349 2050 1374 2098 et
1393 2049 1425 2099 ab
1438 2049 1556 2101 omnibus
1566 2049 1681 2101 destituti
1695 2049 1764 2114 apud
1776 2050 1823 2099 has

1039 2166 1051 2191 ι
1067 2147 1188 2211 usquead
1199 2147 1297 2198 virilem
1311 2151 1412 2199 celetem
1424 2149 1600 2201 mlucnbimini.
1632 2151 1691 2199 Hoec
1705 2149 1817 2201 locutus.

1039 2265 1052 2289 ι
1066 2260 1146 2311 quum
1165 2259 1210 2296 nec
1223 2245 1277 2295 ullo
1294 2245 1369 2295 modo
1381 2247 1457 2297 rebus
1476 2247 1615 2299 domesticis
1635 2248 1815 2313 prospexisset,

1039 2365 1051 2387 ι
1069 2358 1114 2395 nec
1137 2343 1189 2394 ulla
1209 2342 1327 2393 mandata
1343 2343 1470 2406 dedisset,
1492 2358 1538 2398 nee
1551 2358 1602 2411 qno
1620 2345 1668 2396 iret
1691 2345 1814 2405 dixisset,

1039 2457 1051 2487 ι
1066 2439 1146 2499 solus,
1167 2454 1183 2489 o
1204 2442 1336 2499 metronis,
1358 2440 1411 2491 sine
1434 2454 1517 2502 servo,
1533 2456 1625 2508 egenus
1635 2482 1640 2502 ,
1652 2446 1680 2494 et
1694 2457 1725 2493 ne
1740 2444 1818 2495 unius

1039 2538 1166 2604 «quidem
1200 2536 1250 2587 diei
1275 2537 1364 2587 viatico
1397 2537 1429 2588 de
1454 2539 1507 2589 suis
1533 2539 1646 2605 pecuniis
1672 2544 1818 2606 assumpto.

1038 2655 1050 2679 ι
1066 2636 1141 2686 miser
1154 2634 1196 2684 ille
1211 2633 1286 2684 domo
1299 2634 1424 2685 discessit.
1457 2637 1491 2687 Et
1504 2636 1555 2686 lam
1570 2640 1677 2702 quartm
1687 2642 1726 2688 est
1741 2651 1821 2688 annus

1038 2754 1049 2777 ιι
1067 2747 1098 2783 ex
1108 2747 1158 2798 quo
1169 2733 1194 2782 in
1211 2732 1299 2782 exsilio
1311 2746 1386 2796 agens
1403 2746 1449 2783 nos
1463 2747 1550 2785 omnes
1560 2748 1576 2784 a
1588 2735 1719 2786 scaliones
1731 2735 1818 2794 ducit;

1036 2849 1048 2872 ι
1064 2827 1125 2878 nihil
1148 2828 1271 2886 scribens,
1301 2827 1362 2877 nihil
1380 2842 1424 2893 per
1437 2830 1540 2880 nuntios
1562 2831 1675 2890 mittens,
1696 2845 1743 2882 nec
1754 2832 1818 2895 quid

1035 2945 1048 2969 ι
1062 2938 1179 2987 agamus,
1205 2925 1269 2976 scire
1289 2939 1386 2976 curans.
1419 2927 1492 2992 Apud
1505 2928 1583 2980 talem
1599 2928 1673 2994 igitur
1686 2929 1815 2992 animum,

1035 3045 1047 3068 ιι
1063 3028 1115 3074 tam
1135 3024 1226 3074 durum
1242 3028 1267 3075 et
1288 3023 1471 3084 inhumanum,
1498 3039 1577 3091 ηυετιι
1598 3027 1665 3086 rim,
1705 3025 1817 3085 Valeria,

1035 3141 1047 3164 ι
1062 3120 1190 3171 habebunt
1208 3134 1292 3184 procos
1310 3126 1417 3182 nostran,
1438 3136 1518 3187 quum
1542 3123 1615 3174 nobis
1638 3137 1682 3174 nec
1709 3124 1820 3175 salutern

1036 3238 1049 3261 ιι
1066 3217 1174 3278 dixerit,
1192 3231 1238 3267 noc
1254 3218 1339 3268 oscula
1358 3219 1474 3279 dederit,
1489 3233 1536 3270 nec
1550 3221 1633 3270 ullum
1648 3221 1718 3271 aliud
1737 3221 1817 3270 comi-

1034 3338 1046 3362 ιι
1063 3317 1122 3368 tatis
1144 3332 1222 3383 genus
1236 3318 1392 3379 exhibuerit,
1412 3333 1444 3371 ex
1462 3319 1561 3370 aedibus
1577 3324 1719 3371 extremum
1735 3320 1821 3384 digre-

1034 3439 1046 3462 ιι
1062 3418 1152 3469 diens?

1064 3583 1138 3631 llLll.
1159 3601 1171 3625 ι
1190 3583 1385 3641 Verumtamen,
1408 3581 1428 3631 si
1450 3581 1497 3632 boc
1516 3595 1618 3646 quoqne
1641 3596 1687 3632 ros
1714 3583 1817 3648 petitis,

1034 3690 1046 3713 ι
1065 3675 1198 3729 matronae,
1218 3674 1245 3720 et
1264 3670 1364 3719 omnino
1382 3669 1468 3720 vultus
1485 3684 1531 3720 nos
1542 3684 1594 3720 rem
1617 3670 1760 3722 indecoram
1778 3671 1816 3721 ln·

1034 3778 1046 3801 ιι
1061 3760 1154 3810 cientes
1174 3757 1273 3818 videre,
1299 3758 1383 3821 fingite
1403 3773 1444 3809 rne
1459 3762 1485 3809 et
1506 3759 1667 3809 Volumniam
1689 3773 1816 3810 unacum

1033 3868 1044 3891 ιι
1058 3847 1099 3899 bis
1114 3848 1199 3913 pneris
1212 3847 1279 3911 apud
1302 3862 1359 3897 eum
1373 3861 1442 3906 esse,
1467 3847 1529 3912 quid
1547 3849 1656 3912 primunr
1670 3863 1716 3912 ego
1734 3852 1816 3899 meter

1033 3956 1045 3979 ι
1060 3937 1097 3986 illi
1117 3938 1219 3987 dicam?
1238 3936 1331 4001 quibus
1346 3937 1461 4001 precibus
1475 3936 1555 3986 silium
1574 3936 1714 4001 precabor?
1737 3937 1816 3989 dicite

1033 4046 1045 4069 ι
1060 4029 1085 4076 et
1101 4024 1188 4077 docete
1211 4039 1260 4075 me.
1291 4027 1328 4074 dn
1352 4024 1471 4074 hortabor
1496 4040 1568 4083 enni,
1589 4028 1618 4075 ut
1641 4024 1695 4074 suis
1716 4023 1815 4075 clribus

1033 4135 1045 4157 ι
1061 4120 1188 4180 parcat,a
1207 4115 1299 4179 quibus
1321 4113 1402 4178 petria
1421 4114 1540 4178 expulsus
1555 4116 1607 4172 est,
1629 4113 1706 4177 idque
1718 4112 1813 4163 nullam

1032 4222 1044 4245 ιι
1060 4202 1092 4252 ob
1113 4203 1246 4253 iniuriam?
1259 4216 1291 4251 an
1310 4206 1340 4251 ut
1354 4201 1523 4252 misericordia
1551 4205 1577 4251 et
1597 4199 1812 4256 commiseratione

1033 4309 1044 4333 ιι
1058 4292 1209 4354 plebeiorum
1222 4295 1416 4349 commorentur,
1431 4304 1445 4339 a
1464 4290 1556 4354 quibus
1567 4289 1661 4339 nullam
1674 4287 1811 4338 misericor

1032 4399 1043 4422 ιι
1059 4381 1125 4430 diam
1144 4384 1189 4430 ont
1206 4381 1445 4431 commiserationem
1463 4379 1594 4442 impetrare
1618 4379 1719 4440 potuit?
1732 4391 1764 4426 arr
1782 4381 1811 4426 ut

1031 4491 1043 4517 ι
1057 4473 1155 4523 deserat
1173 4477 1198 4522 et
1209 4473 1297 4536 prodat
1318 4487 1368 4530 eos,
1388 4471 1509 4535 equibus
1521 4469 1591 4520 exsul
1616 4469 1760 4519 humaniter
1772 4474 1810 4519 est

1031 4582 1043 4605 ιι
1056 4566 1188 4625 exceptus,
1209 4561 1252 4624 qui
1276 4561 1362 4611 multis
1378 4564 1403 4609 et
1425 4560 1543 4623 gravibus
1564 4557 1679 4608 cladibus
1700 4562 1758 4608 onte
1779 4557 1811 4607 ab

1031 4671 1043 4695 ιι
1059 4651 1103 4699 illo
1114 4649 1215 4710 dilecti,
1237 4650 1303 4699 hand
1321 4654 1403 4698 tanton
1421 4650 1509 4699 hostile
1527 4648 1632 4706 odium,
1651 4647 1695 4697 sod
1715 4647 1809 4697 amico·

1029 4761 1041 4782 ιι
1055 4754 1111 4789 rum
1130 4743 1155 4788 et
1174 4743 1334 4802 cognatorum
1356 4739 1553 4789 benevolentiam
1575 4753 1632 4802 erga
1653 4750 1713 4787 enm
1725 4740 1810 4786 osten-

1029 4850 1041 4874 ιι
1056 4828 1165 4878 derunt?
1180 4842 1231 4891 qno
1247 4828 1329 4877 nnimo
1344 4828 1423 4877 lilium
1443 4827 1549 4890 rogabo,
1563 4831 1591 4876 ul
1608 4841 1668 4889 eos,
1683 4840 1699 4875 a
1715 4824 1807 4889 quibus

1030 4937 1042 4960 ιι
1056 4916 1170 4981 perditus
1181 4919 1232 4970 cst,
1250 4920 1324 4976 amet,
1343 4915 1392 4964 illis
1409 4929 1512 4973 vero,a
1528 4916 1621 4979 quibus
1645 4913 1751 4965 salutem
1766 4927 1808 4961 nc-

1030 5027 1042 5050 ιι
1060 5005 1138 5069 cepit,
1160 5004 1275 5053 iniuriam
1295 5003 1386 5054 lnelntl
1406 5005 1459 5053 Non
1481 5007 1538 5052 sunt
1553 5004 1607 5053 lraec
1623 5004 1699 5054 verbo
1716 5002 1807 5051 matris

1030 5117 1041 5139 ιι
1055 5109 1114 5145 sana
1133 5097 1216 5144 mente
1237 5091 1348 5156 prodito
1359 5091 1390 5142 nd
1410 5091 1504 5151 lilium,
1517 5106 1561 5141 nec
1575 5094 1673 5153 uxoris,
1684 5105 1729 5154 ea,
1745 5105 1806 5156 ‹pnae

1029 5202 1041 5225 ιι
1054 5186 1152 5247 oportet
1172 5180 1366 5240 considerantis,
1389 5179 1421 5229 nd
1447 5179 1573 5231 maritum.
1608 5182 1657 5232 ltec
1675 5194 1733 5243 ros,
1748 5193 1807 5231 rna·
